% This file was created with JabRef 2.9.2.
% Encoding: ISO8859_1

@ARTICLE{Absil2009,
  author = {{Absil}, O. and {Mennesson}, B. and {Le Bouquin}, J.-B. and {Di Folco},
	E. and {Kervella}, P. and {Augereau}, J.-C.},
  title = {{An Interferometric Study of the Fomalhaut Inner Debris Disk. I.
	Near-Infrared Detection of Hot Dust with VLTI/VINCI}},
  year = {2009},
  volume = {704},
  month = oct,
  pages = {150-160},
  doi = {10.1088/0004-637X/704/1/150},
  eprint = {0908.3133},
  adsnote = {Provided by the SAO/NASA Astrophysics Data System},
  adsurl = {http://adsabs.harvard.edu/abs/2009ApJ...704..150A},
  archiveprefix = {arXiv},
  journal = {\apj},
  keywords = {circumstellar matter, stars: individual: Fomalhaut, techniques: interferometric},
  owner = {rpatel},
  primaryclass = {astro-ph.SR},
  timestamp = {2012.10.08}
}

@ARTICLE{Akeson2011,
  author = {{Akeson}, R.~L. and {Millan-Gabet}, R. and {Ciardi}, D.~R. and {Boden},
	A.~F. and {Sargent}, A.~I. and {Monnier}, J.~D. and {McAlister},
	H. and {ten Brummelaar}, T. and {Sturmann}, J. and {Sturmann}, L.
	and {Turner}, N.},
  title = {{Radial Structure in the TW Hya Circumstellar Disk}},
  year = {2011},
  volume = {728},
  eid = {96},
  month = feb,
  pages = {96},
  doi = {10.1088/0004-637X/728/2/96},
  adsnote = {Provided by the SAO/NASA Astrophysics Data System},
  adsurl = {http://cdsads.u-strasbg.fr/abs/2011ApJ...728...96A},
  journal = {\apj},
  keywords = {circumstellar matter, stars: individual: TW Hya},
  owner = {anakha272},
  timestamp = {2013.11.13}
}

@ARTICLE{Alexander2007,
  author = {{Alexander}, R.~D. and {Armitage}, P.~J.},
  title = {{Dust dynamics during protoplanetary disc clearing}},
  year = {2007},
  volume = {375},
  month = feb,
  pages = {500-512},
  doi = {10.1111/j.1365-2966.2006.11341.x},
  eprint = {astro-ph/0611821},
  adsnote = {Provided by the SAO/NASA Astrophysics Data System},
  adsurl = {http://adsabs.harvard.edu/abs/2007MNRAS.375..500A},
  journal = {\mnras},
  keywords = {accretion, accretion discs , circumstellar matter , planetary systems:
	formation , planetary systems: protoplanetary discs , stars: pre-main-sequence},
  owner = {anakha272},
  timestamp = {2015.07.16}
}

@ARTICLE{Alibert2011,
  author = {{Alibert}, Y. and {Mordasini}, C. and {Benz}, W.},
  title = {{Extrasolar planet population synthesis. III. Formation of planets
	around stars of different masses}},
  year = {2011},
  volume = {526},
  month = feb,
  pages = {A63+},
  doi = {10.1051/0004-6361/201014760},
  eprint = {1101.0513},
  adsnote = {Provided by the SAO/NASA Astrophysics Data System},
  adsurl = {http://adsabs.harvard.edu/abs/2011A%26A...526A..63A},
  archiveprefix = {arXiv},
  journal = {\aap},
  keywords = {planets and satellites: formation, protoplanetary disks},
  owner = {anakha272},
  primaryclass = {astro-ph.EP},
  timestamp = {2015.01.16}
}

@ARTICLE{Andre1994,
  author = {{Andre}, P. and {Montmerle}, T.},
  title = {{From T Tauri stars to protostars: Circumstellar material and young
	stellar objects in the rho Ophiuchi cloud}},
  year = {1994},
  volume = {420},
  month = jan,
  pages = {837-862},
  doi = {10.1086/173608},
  adsnote = {Provided by the SAO/NASA Astrophysics Data System},
  adsurl = {http://adsabs.harvard.edu/abs/1994ApJ...420..837A},
  journal = {\apj},
  keywords = {Ophiuchi Clouds, Protostars, Stellar Envelopes, T Tauri Stars, Angular
	Resolution, Chronology, Mapping, Millimeter Waves, Spatial Distribution,
	Stellar Cores},
  owner = {anakha272},
  timestamp = {2015.07.16}
}

@ARTICLE{Ardila2004,
  author = {{Ardila}, D.~R. and {Golimowski}, D.~A. and {Krist}, J.~E. and {Clampin},
	M. and {Williams}, J.~P. and {Blakeslee}, J.~P. and {Ford}, H.~C.
	and {Hartig}, G.~F. and {Illingworth}, G.~D.},
  title = {{A Resolved Debris Disk around the G2 V Star HD 107146}},
  year = {2004},
  volume = {617},
  month = dec,
  pages = {L147-L150},
  doi = {10.1086/427434},
  eprint = {arXiv:astro-ph/0411422},
  adsnote = {Provided by the SAO/NASA Astrophysics Data System},
  adsurl = {http://adsabs.harvard.edu/abs/2004ApJ...617L.147A},
  journal = {\apjl},
  keywords = {Stars: Planetary Systems: Formation, Stars: Planetary Systems: Protoplanetary
	Disks, Stars: Imaging, Stars: Individual: Henry Draper Number: HD
	107146},
  owner = {rpatel}
}

@ARTICLE{Arras2006,
  author = {{Arras}, P. and {Bildsten}, L.},
  title = {{Thermal Structure and Radius Evolution of Irradiated Gas Giant Planets}},
  year = {2006},
  volume = {650},
  month = oct,
  pages = {394-407},
  doi = {10.1086/506011},
  eprint = {arXiv:astro-ph/0601317},
  adsnote = {Provided by the SAO/NASA Astrophysics Data System},
  adsurl = {http://adsabs.harvard.edu/abs/2006ApJ...650..394A},
  journal = {\apj},
  keywords = {Stars: Planetary Systems, Planets and Satellites: General},
  owner = {rpatel},
  timestamp = {2013.03.12}
}

@ARTICLE{Aumann1991,
  author = {{Aumann}, H.~H. and {Probst}, R.~G.},
  title = {{Search for Vega-like nearby stars with 12 micron excess}},
  year = {1991},
  volume = {368},
  month = feb,
  pages = {264-271},
  doi = {10.1086/169690},
  adsnote = {Provided by the SAO/NASA Astrophysics Data System},
  adsurl = {http://adsabs.harvard.edu/abs/1991ApJ...368..264A},
  journal = {\apj},
  keywords = {EARLY STARS, INFRARED SOURCES (ASTRONOMY), MAIN SEQUENCE STARS, STELLAR
	ENVELOPES, A STARS, F STARS, G STARS, INFRARED ASTRONOMY SATELLITE,
	K STARS, STATISTICAL ANALYSIS, STELLAR SPECTROPHOTOMETRY},
  owner = {rpatel},
  timestamp = {2012.10.26}
}

@ARTICLE{Avenhaus2012,
  author = {{Avenhaus}, H. and {Schmid}, H.~M. and {Meyer}, M.~R.},
  title = {{The nearby population of M-dwarfs with WISE: a search for warm circumstellar
	dust}},
  year = {2012},
  volume = {548},
  eid = {A105},
  month = dec,
  pages = {A105},
  doi = {10.1051/0004-6361/201219783},
  eprint = {1209.0678},
  adsnote = {Provided by the SAO/NASA Astrophysics Data System},
  adsurl = {http://adsabs.harvard.edu/abs/2012A%26A...548A.105A},
  archiveprefix = {arXiv},
  journal = {\aap},
  keywords = {circumstellar matter, stars: late-type, infrared: stars, surveys,
	methods: observational, methods: statistical},
  primaryclass = {astro-ph.SR}
}

@ARTICLE{Backman1995,
  author = {{Backman}, D.~E. and {Dasgupta}, A. and {Stencel}, R.~E.},
  title = {{Model of a Kuiper Belt Small Grain Population and Resulting Far-Infrared
	Emission}},
  year = {1995},
  volume = {450},
  month = sep,
  pages = {L35},
  doi = {10.1086/309660},
  adsnote = {Provided by the SAO/NASA Astrophysics Data System},
  adsurl = {http://adsabs.harvard.edu/abs/1995ApJ...450L..35B},
  journal = {\apjl},
  keywords = {SOLAR SYSTEM: GENERAL, COMETS: GENERAL, STARS: CIRCUMSTELLAR MATTER,
	STARS: PLANETARY SYSTEMS},
  owner = {rpatel},
  timestamp = {2012.04.01}
}

@INPROCEEDINGS{Backman1993,
  author = {{Backman}, D.~E. and {Paresce}, F.},
  editor = {{Levy}, E.~H. and {Lunine}, J.~I.},
  title = {{Main-sequence stars with circumstellar solid material - The VEGA
	phenomenon}},
  booktitle = {Protostars and Planets III},
  year = {1993},
  pages = {1253-1304},
  adsnote = {Provided by the SAO/NASA Astrophysics Data System},
  adsurl = {http://adsabs.harvard.edu/abs/1993prpl.conf.1253B},
  keywords = {INFRARED ASTRONOMY, MAIN SEQUENCE STARS, STELLAR COMPOSITION, STELLAR
	ENVELOPES, STELLAR EVOLUTION, EMISSION SPECTRA, INFRARED ASTRONOMY
	SATELLITE, PHOTOSPHERE},
  owner = {rpatel},
  timestamp = {2012.11.05}
}

@ARTICLE{Balega2004,
  author = {{Balega}, I. and {Balega}, Y.~Y. and {Maksimov}, A.~F. and {Pluzhnik},
	E.~A. and {Schertl}, D. and {Shkhagosheva}, Z.~U. and {Weigelt},
	G.},
  title = {{Speckle interferometry of nearby multiple stars. II.}},
  year = {2004},
  volume = {422},
  month = aug,
  pages = {627-629},
  doi = {10.1051/0004-6361:20035705},
  adsnote = {Provided by the SAO/NASA Astrophysics Data System},
  adsurl = {http://cdsads.u-strasbg.fr/abs/2004A%26A...422..627B},
  journal = {\aap},
  keywords = {stars: binaries (including multiple): close, techniques: interferometric},
  owner = {rpatel},
  timestamp = {2013.03.04}
}

@ARTICLE{Ballering2014,
  author = {{Ballering}, N.~P. and {Rieke}, G.~H. and {G{\'a}sp{\'a}r}, A.},
  title = {{Probing the Terrestrial Regions of Planetary Systems: Warm Debris
	Disks with Emission Features}},
  year = {2014},
  volume = {793},
  eid = {57},
  month = sep,
  pages = {57},
  doi = {10.1088/0004-637X/793/1/57},
  eprint = {1407.7547},
  adsnote = {Provided by the SAO/NASA Astrophysics Data System},
  adsurl = {http://cdsads.u-strasbg.fr/abs/2014ApJ...793...57B},
  archiveprefix = {arXiv},
  journal = {\apj},
  keywords = {circumstellar matter, infrared: stars, interplanetary medium, zodiacal
	dust },
  owner = {anakha272},
  primaryclass = {astro-ph.EP},
  timestamp = {2014.10.04}
}

@ARTICLE{Ballering2013,
  author = {{Ballering}, N.~P. and {Rieke}, G.~H. and {Su}, K.~Y.~L. and {Montiel},
	E.},
  title = {{A Trend between Cold Debris Disk Temperature and Stellar Type: Implications
	for the Formation and Evolution of Wide-orbit Planets}},
  year = {2013},
  volume = {775},
  eid = {55},
  month = sep,
  pages = {55},
  doi = {10.1088/0004-637X/775/1/55},
  eprint = {1308.2223},
  adsnote = {Provided by the SAO/NASA Astrophysics Data System},
  adsurl = {http://adsabs.harvard.edu/abs/2013ApJ...775...55B},
  archiveprefix = {arXiv},
  journal = {\apj},
  keywords = {circumstellar matter, infrared: stars, interplanetary medium },
  owner = {rpatel},
  primaryclass = {astro-ph.EP},
  timestamp = {2014.12.02}
}

@ARTICLE{Baraffe2002,
  author = {{Baraffe}, I. and {Chabrier}, G. and {Allard}, F. and {Hauschildt},
	P.~H.},
  title = {{Evolutionary models for low-mass stars and brown dwarfs: Uncertainties
	and limits at very young ages}},
  year = {2002},
  volume = {382},
  month = feb,
  pages = {563-572},
  doi = {10.1051/0004-6361:20011638},
  eprint = {arXiv:astro-ph/0111385},
  adsnote = {Provided by the SAO/NASA Astrophysics Data System},
  adsurl = {http://adsabs.harvard.edu/abs/2002A%26A...382..563B},
  journal = {\aap},
  keywords = {STARS: LOW-MASS, BROWN DWARFS, STARS: EVOLUTION, STARS: PRE-MAIN SEQUENCE},
  owner = {anakha272},
  timestamp = {2015.01.16}
}

@ARTICLE{Baraffe1998,
  author = {{Baraffe}, I. and {Chabrier}, G. and {Allard}, F. and {Hauschildt},
	P.~H. },
  title = {{Evolutionary models for solar metallicity low-mass stars: mass-magnitude
	relationships and color-magnitude diagrams}},
  year = {1998},
  volume = {337},
  month = sep,
  pages = {403-412},
  eprint = {arXiv:astro-ph/9805009},
  adsnote = {Provided by the SAO/NASA Astrophysics Data System},
  adsurl = {http://adsabs.harvard.edu/abs/1998A%26A...337..403B},
  journal = {\aap},
  keywords = {STARS: LOW-MASS, BROWN DWARFS, STARS: EVOLUTION, STARS: HERTZSPRUNG-RUSSEL
	(HR) AND C-M DIAGRAMS, STARS: INTERIORS, STARS: ATMOSPHERES},
  owner = {anakha272},
  timestamp = {2015.01.16}
}

@ARTICLE{Beer2004,
  author = {{Beer}, M.~E. and {King}, A.~R. and {Livio}, M. and {Pringle}, J.~E.
	},
  title = {{How special is the Solar system?}},
  year = {2004},
  volume = {354},
  month = nov,
  pages = {763-768},
  doi = {10.1111/j.1365-2966.2004.08237.x},
  eprint = {arXiv:astro-ph/0407476},
  adsnote = {Provided by the SAO/NASA Astrophysics Data System},
  adsurl = {http://adsabs.harvard.edu/abs/2004MNRAS.354..763B},
  journal = {\mnras},
  keywords = {accretion, accretion discs, planets and satellites: formation},
  owner = {rpatel},
  timestamp = {2013.01.02}
}

@ARTICLE{Beichman2005b,
  author = {{Beichman}, C.~A. and {Bryden}, G. and {Gautier}, T.~N. and {Stapelfeldt},
	K.~R. and {Werner}, M.~W. and {Misselt}, K. and {Rieke}, G. and {Stansberry},
	J. and {Trilling}, D.},
  title = {{An Excess Due to Small Grains around the Nearby K0 V Star HD 69830:
	Asteroid or Cometary Debris?}},
  year = {2005},
  volume = {626},
  month = jun,
  pages = {1061-1069},
  doi = {10.1086/430059},
  eprint = {arXiv:astro-ph/0504491},
  adsnote = {Provided by the SAO/NASA Astrophysics Data System},
  adsurl = {http://cdsads.u-strasbg.fr/abs/2005ApJ...626.1061B},
  journal = {\apj},
  keywords = {Stars: Circumstellar Matter, Comets: General, Infrared: Stars, Kuiper
	Belt, Stars: Planetary Systems}
}

@ARTICLE{Beichman2005,
  author = {{Beichman}, C.~A. and {Bryden}, G. and {Rieke}, G.~H. and {Stansberry},
	J.~A. and {Trilling}, D.~E. and {Stapelfeldt}, K.~R. and {Werner},
	M.~W. and {Engelbracht}, C.~W. and {Blaylock}, M. and {Gordon}, K.~D.
	and {Chen}, C.~H. and {Su}, K.~Y.~L. and {Hines}, D.~C.},
  title = {{Planets and Infrared Excesses: Preliminary Results from a Spitzer
	MIPS Survey of Solar-Type Stars}},
  year = {2005},
  volume = {622},
  month = apr,
  pages = {1160-1170},
  doi = {10.1086/428115},
  eprint = {arXiv:astro-ph/0412265},
  adsnote = {Provided by the SAO/NASA Astrophysics Data System},
  adsurl = {http://cdsads.u-strasbg.fr/abs/2005ApJ...622.1160B},
  journal = {\apj},
  keywords = {Infrared: Stars, Kuiper Belt, Stars: Planetary Systems: Formation,
	Stars: Planetary Systems: Protoplanetary Disks},
  owner = {rpatel},
  timestamp = {2013.01.30}
}

@ARTICLE{Beichman2006,
  author = {{Beichman}, C.~A. and {Bryden}, G. and {Stapelfeldt}, K.~R. and {Gautier},
	T.~N. and {Grogan}, K. and {Shao}, M. and {Velusamy}, T. and {Lawler},
	S.~M. and {Blaylock}, M. and {Rieke}, G.~H. and {Lunine}, J.~I. and
	{Fischer}, D.~A. and {Marcy}, G.~W. and {Greaves}, J.~S. and {Wyatt},
	M.~C. and {Holland}, W.~S. and {Dent}, W.~R.~F.},
  title = {{New Debris Disks around Nearby Main-Sequence Stars: Impact on the
	Direct Detection of Planets}},
  year = {2006},
  volume = {652},
  month = dec,
  pages = {1674-1693},
  doi = {10.1086/508449},
  eprint = {arXiv:astro-ph/0611682},
  adsnote = {Provided by the SAO/NASA Astrophysics Data System},
  adsurl = {http://adsabs.harvard.edu/abs/2006ApJ...652.1674B},
  journal = {\apj},
  keywords = {Stars: Circumstellar Matter, Infrared: Stars, Kuiper Belt}
}

@ARTICLE{Beichman2010,
  author = {{Beichman}, C.~A. and {Krist}, J. and {Trauger}, J.~T. and {Greene},
	T. and {Oppenheimer}, B. and {Sivaramakrishnan}, A. and {Doyon},
	R. and {Boccaletti}, A. and {Barman}, T.~S. and {Rieke}, M.},
  title = {{Imaging Young Giant Planets From Ground and Space}},
  year = {2010},
  volume = {122},
  month = feb,
  pages = {162-200},
  doi = {10.1086/651057},
  eprint = {1001.0351},
  adsnote = {Provided by the SAO/NASA Astrophysics Data System},
  adsurl = {http://adsabs.harvard.edu/abs/2010PASP..122..162B},
  archiveprefix = {arXiv},
  journal = {\pasp},
  keywords = {Extrasolar Planets},
  owner = {anakha272},
  primaryclass = {astro-ph.IM},
  timestamp = {2015.01.16}
}

@ARTICLE{Beichman2006a,
  author = {{Beichman}, C.~A. and {Tanner}, A. and {Bryden}, G. and {Stapelfeldt},
	K.~R. and {Werner}, M.~W. and {Rieke}, G.~H. and {Trilling}, D.~E.
	and {Lawler}, S. and {Gautier}, T.~N.},
  title = {{IRS Spectra of Solar-Type Stars: A Search for Asteroid Belt Analogs}},
  year = {2006},
  volume = {639},
  month = mar,
  pages = {1166-1176},
  doi = {10.1086/499424},
  eprint = {arXiv:astro-ph/0601467},
  adsnote = {Provided by the SAO/NASA Astrophysics Data System},
  adsurl = {http://adsabs.harvard.edu/abs/2006ApJ...639.1166B},
  journal = {\apj},
  keywords = {Stars: Circumstellar Matter, Comets: General, Kuiper Belt, Minor Planets,
	Asteroids, Stars: Planetary Systems},
  owner = {rpatel},
  timestamp = {2012.12.05}
}

@ARTICLE{Bessell2005,
  author = {{Bessell}, M.~S.},
  title = {{Standard Photometric Systems}},
  year = {2005},
  volume = {43},
  month = sep,
  pages = {293-336},
  doi = {10.1146/annurev.astro.41.082801.100251},
  adsnote = {Provided by the SAO/NASA Astrophysics Data System},
  adsurl = {http://adsabs.harvard.edu/abs/2005ARA%26A..43..293B},
  journal = {\araa},
  owner = {rpatel},
  timestamp = {2012.11.23}
}

@ARTICLE{Bessell1990,
  author = {{Bessell}, M.~S.},
  title = {{UBVRI passbands}},
  year = {1990},
  volume = {102},
  month = oct,
  pages = {1181-1199},
  doi = {10.1086/132749},
  adsnote = {Provided by the SAO/NASA Astrophysics Data System},
  adsurl = {http://adsabs.harvard.edu/abs/1990PASP..102.1181B},
  journal = {\pasp},
  keywords = {ASTRONOMICAL PHOTOMETRY, SPECTRAL BANDS, UBV SPECTRA, CHARGE COUPLED
	DEVICES, REFERENCE STARS, STELLAR COLOR, STELLAR MAGNITUDE},
  owner = {rpatel},
  timestamp = {2012.11.06}
}

@ARTICLE{Biller2007,
  author = {{Biller}, B.~A. and {Close}, L.~M. and {Masciadri}, E. and {Nielsen},
	E. and {Lenzen}, R. and {Brandner}, W. and {McCarthy}, D. and {Hartung},
	M. and {Kellner}, S. and {Mamajek}, E. and {Henning}, T. and {Miller},
	D. and {Kenworthy}, M. and {Kulesa}, C.},
  title = {{An Imaging Survey for Extrasolar Planets around 45 Close, Young
	Stars with the Simultaneous Differential Imager at the Very Large
	Telescope and MMT}},
  year = {2007},
  volume = {173},
  month = nov,
  pages = {143-165},
  doi = {10.1086/519925},
  adsnote = {Provided by the SAO/NASA Astrophysics Data System},
  adsurl = {http://adsabs.harvard.edu/abs/2007ApJS..173..143B},
  journal = {\apjs}
}

@INPROCEEDINGS{Borucki2003,
  author = {{Borucki}, W.~J. and {Koch}, D. and {Basri}, G. and {Brown}, T. and
	{Caldwell}, D. and {Devore}, E. and {Dunham}, E. and {Gautier}, T.
	and {Geary}, J. and {Gilliland}, R. and {Gould}, A. and {Howell},
	S. and {Jenkins}, J.},
  editor = {{Fridlund}, M. and {Henning}, T. and {Lacoste}, H.},
  title = {{Kepler Mission: a mission to find Earth-size planets in the habitable
	zone}},
  booktitle = {Earths: DARWIN/TPF and the Search for Extrasolar Terrestrial Planets},
  year = {2003},
  volume = {539},
  series = {ESA Special Publication},
  month = oct,
  pages = {69-81},
  adsnote = {Provided by the SAO/NASA Astrophysics Data System},
  adsurl = {http://adsabs.harvard.edu/abs/2003ESASP.539...69B},
  keywords = {Space Missions, Earth-Size Planets},
  owner = {rpatel},
  timestamp = {2013.10.21}
}

@ARTICLE{Boss2002,
  author = {{Boss}, A.~P.},
  title = {{Formation of gas and ice giant planets}},
  year = {2002},
  volume = {202},
  month = sep,
  pages = {513-523},
  doi = {10.1016/S0012-821X(02)00808-7},
  adsnote = {Provided by the SAO/NASA Astrophysics Data System},
  adsurl = {http://adsabs.harvard.edu/abs/2002E%26PSL.202..513B},
  journal = {Earth and Planetary Science Letters},
  owner = {rpatel},
  timestamp = {2012.09.17}
}

@ARTICLE{Boss1998,
  author = {{Boss}, A.~P.},
  title = {{Evolution of the Solar Nebula. IV. Giant Gaseous Protoplanet Formation}},
  year = {1998},
  volume = {503},
  month = aug,
  pages = {923},
  doi = {10.1086/306036},
  adsnote = {Provided by the SAO/NASA Astrophysics Data System},
  adsurl = {http://adsabs.harvard.edu/abs/1998ApJ...503..923B},
  journal = {\apj},
  keywords = {ACCRETION, ACCRETION DISKS, HYDRODYNAMICS, SOLAR SYSTEM: FORMATION,
	STARS: PLANETARY SYSTEMS},
  owner = {rpatel},
  timestamp = {2013.03.13}
}

@ARTICLE{Bryden2009,
  author = {{Bryden}, G. and {Beichman}, C.~A. and {Carpenter}, J.~M. and {Rieke},
	G.~H. and {Stapelfeldt}, K.~R. and {Werner}, M.~W. and {Tanner},
	A.~M. and {Lawler}, S.~M. and {Wyatt}, M.~C. and {Trilling}, D.~E.
	and {Su}, K.~Y.~L. and {Blaylock}, M. and {Stansberry}, J.~A.},
  title = {{Planets and Debris Disks: Results from a Spitzer/MIPS Search for
	Infrared Excess}},
  year = {2009},
  volume = {705},
  month = nov,
  pages = {1226-1236},
  doi = {10.1088/0004-637X/705/2/1226},
  adsnote = {Provided by the SAO/NASA Astrophysics Data System},
  adsurl = {http://adsabs.harvard.edu/abs/2009ApJ...705.1226B},
  journal = {\apj},
  keywords = {circumstellar matter, infrared: stars, Kuiper Belt, planetary systems}
}

@ARTICLE{Bryden2006,
  author = {{Bryden}, G. and {Beichman}, C.~A. and {Trilling}, D.~E. and {Rieke},
	G.~H. and {Holmes}, E.~K. and {Lawler}, S.~M. and {Stapelfeldt},
	K.~R. and {Werner}, M.~W. and {Gautier}, T.~N. and {Blaylock}, M.
	and {Gordon}, K.~D. and {Stansberry}, J.~A. and {Su}, K.~Y.~L.},
  title = {{Frequency of Debris Disks around Solar-Type Stars: First Results
	from a Spitzer MIPS Survey}},
  year = {2006},
  volume = {636},
  month = jan,
  pages = {1098-1113},
  doi = {10.1086/498093},
  eprint = {arXiv:astro-ph/0509199},
  adsnote = {Provided by the SAO/NASA Astrophysics Data System},
  adsurl = {http://adsabs.harvard.edu/abs/2006ApJ...636.1098B},
  journal = {\apj},
  keywords = {Stars: Circumstellar Matter, Infrared: Stars, Kuiper Belt-planetary
	systems: formation},
  owner = {rpatel},
  timestamp = {2012.10.31}
}

@ARTICLE{Burns1979,
  author = {Joseph A. Burns and Philippe L. Lamy and Steven Soter},
  title = {Radiation forces on small particles in the solar system},
  year = {1979},
  volume = {40},
  number = {1},
  pages = {1 - 48},
  issn = {0019-1035},
  doi = {10.1016/0019-1035(79)90050-2},
  url = {http://www.sciencedirect.com/science/article/pii/0019103579900502},
  abstract = {We present a new and more accurate expression for the radiation pressure
	and Poynting-Robertson drag forces; it is more complete than previous
	ones, which considered only perfectly absorbing particles or artificial
	scattering laws. Using a simple heuristic derivation, the equation
	of motion for a particle of mass m and geometrical cross section
	A, moving with velocity v through a radiation field of energy flux
	density S, is found to be (to terms of order vc) mv?? = (SAc)Qpr[(1
	??? r??c)S?? ??? vc], where ?? is a unit vector in the direction
	of the incident radiation, r?? is the particle's radial velocity,
	and c is the speed of light; the radiation pressure efficiency factor
	Qpr ??? Qabs + Qsca(1 ??? ???cos ?????), where Qabs and Qsca are
	the efficiency factors for absorption and scattering, and ???cos
	????? accounts for the asymmetry of the scattered radiation. This
	result is confirmed by a new formal derivation applying special relativistic
	transformations for the incoming and outgoing energy and momentum
	as seen in the particle and solar frames of reference. Qpr is evaluated
	from Mie theory for small spherical particles with measured optical
	properties, irradiated by the actual solar spectrum. Of the eight
	materials studied, only for iron, magnetite , and graphite grains
	does the radiation pressure force exceed gravity and then just for
	sizes around 0.1 ??m; very small particles are not easily blown out
	of the solar system nor are they rapidly dragged into the Sun by
	the Poynting-Robertson effect. The solar wind counterpart of the
	Poynting-Robertson drag may be effective, however, for these particles.
	The orbital consequences of these radiation forces-including ejection
	from the solar system by relatively small radiation pressures-and
	of the Poynting-Robertson drag are considered both for heliocentric
	and planetocentric orbiting particles. We discuss the coupling between
	the dynamics of particles and their sizes (which diminish due to
	sputtering and sublimation). A qualitative derivation is given for
	the differential Doppler effect, which occurs because the light received
	by an orbiting particle is slightly red-shifted by the solar rotation
	velocity when coming from the eastern hemisphere of the Sun but blue-shifted
	when from the western hemisphere; the ratio of this force to the
	Poynting-Robertson force is (R???r)2[(w???n) ??? 1], where R??? and
	w??? are the solar radius and spin rate, and n is the particle's
	mean motion. The Yarkovsky effect, caused by the asymmetry in the
	reradiated thermal emission of a rotating body, is also developed
	relying on new physical arguments. Throughout the paper, representative
	calculations use the physical and orbital properties of interplanetary
	dust, as known from various recent measurements.},
  journal = {Icarus},
  owner = {rpatel},
  timestamp = {2012.10.06}
}

@INPROCEEDINGS{Burrows1997,
  author = {{Burrows}, A. and {Hubbard}, W.~B. and {Lunine}, J.~I. and {Marley},
	M. and {Guillot}, T. and {Saumon}, D. and {Freedman}, R.~S.},
  editor = {{D.~Soderblom}},
  title = {{Extra-Solar Giant Planet and Brown Dwarf Models}},
  booktitle = {Planets Beyond the Solar System and the Next Generation of Space
	Missions},
  year = {1997},
  volume = {119},
  series = {Astronomical Society of the Pacific Conference Series},
  pages = {9},
  eprint = {arXiv:astro-ph/9705027},
  adsnote = {Provided by the SAO/NASA Astrophysics Data System},
  adsurl = {http://adsabs.harvard.edu/abs/1997ASPC..119....9B},
  owner = {rpatel},
  timestamp = {2012.03.28}
}

@ARTICLE{Calvet2002,
  author = {{Calvet}, N. and {D'Alessio}, P. and {Hartmann}, L. and {Wilner},
	D. and {Walsh}, A. and {Sitko}, M.},
  title = {{Evidence for a Developing Gap in a 10 Myr Old Protoplanetary Disk}},
  year = {2002},
  volume = {568},
  month = apr,
  pages = {1008-1016},
  doi = {10.1086/339061},
  eprint = {arXiv:astro-ph/0201425},
  adsnote = {Provided by the SAO/NASA Astrophysics Data System},
  adsurl = {http://adsabs.harvard.edu/abs/2002ApJ...568.1008C},
  journal = {\apj},
  keywords = {Accretion, Accretion Disks, Stars: Circumstellar Matter, Stars: Formation,
	Stars: Pre-Main-Sequence}
}

@ARTICLE{Carpenter2009,
  author = {{Carpenter}, J.~M. and {Bouwman}, J. and {Mamajek}, E.~E. and {Meyer},
	M.~R. and {Hillenbrand}, L.~A. and {Backman}, D.~E. and {Henning},
	T. and {Hines}, D.~C. and {Hollenbach}, D. and {Kim}, J.~S. and {Moro-Martin},
	A. and {Pascucci}, I. and {Silverstone}, M.~D. and {Stauffer}, J.~R.
	and {Wolf}, S.},
  title = {{Formation and Evolution of Planetary Systems: Properties of Debris
	Dust Around Solar-Type Stars}},
  year = {2009},
  volume = {181},
  month = mar,
  pages = {197-226},
  doi = {10.1088/0067-0049/181/1/197},
  eprint = {0810.1003},
  adsnote = {Provided by the SAO/NASA Astrophysics Data System},
  adsurl = {http://adsabs.harvard.edu/abs/2009ApJS..181..197C},
  archiveprefix = {arXiv},
  journal = {\apjs},
  keywords = {circumstellar matter, infrared: stars, planetary systems: formation}
}

@ARTICLE{Carpenter2008,
  author = {{Carpenter}, J.~M. and {Bouwman}, J. and {Silverstone}, M.~D. and
	{Kim}, J.~S. and {Stauffer}, J. and {Cohen}, M. and {Hines}, D.~C.
	and {Meyer}, M.~R. and {Crockett}, N.},
  title = {{The Formation and Evolution of Planetary Systems: Description of
	the Spitzer Legacy Science Database}},
  year = {2008},
  volume = {179},
  month = dec,
  pages = {423-450},
  doi = {10.1086/592274},
  eprint = {0807.4362},
  adsnote = {Provided by the SAO/NASA Astrophysics Data System},
  adsurl = {http://adsabs.harvard.edu/abs/2008ApJS..179..423C},
  archiveprefix = {arXiv},
  journal = {\apjs},
  keywords = {Stars: Circumstellar Matter, Infrared: Stars, Stars: Planetary Systems:
	Formation}
}

@ARTICLE{Carpenter2009a,
  author = {{Carpenter}, J.~M. and {Mamajek}, E.~E. and {Hillenbrand}, L.~A.
	and {Meyer}, M.~R.},
  title = {{Debris Disks in the Upper Scorpius OB Association}},
  year = {2009},
  volume = {705},
  month = nov,
  pages = {1646-1671},
  doi = {10.1088/0004-637X/705/2/1646},
  eprint = {0909.4124},
  adsnote = {Provided by the SAO/NASA Astrophysics Data System},
  adsurl = {http://adsabs.harvard.edu/abs/2009ApJ...705.1646C},
  archiveprefix = {arXiv},
  journal = {\apj},
  keywords = {circumstellar matter, open clusters and associations: individual:
	Upper Scorpius, planetary systems: formation, planetary systems:
	protoplanetary disks, stars: pre-main sequence},
  owner = {rpatel},
  primaryclass = {astro-ph.SR},
  timestamp = {2012.03.16}
}

@ARTICLE{Carpenter2005,
  author = {{Carpenter}, J.~M. and {Wolf}, S. and {Schreyer}, K. and {Launhardt},
	R. and {Henning}, T.},
  title = {{Evolution of Cold Circumstellar Dust around Solar-type Stars}},
  year = {2005},
  volume = {129},
  month = feb,
  pages = {1049-1062},
  doi = {10.1086/427131},
  eprint = {arXiv:astro-ph/0411020},
  adsnote = {Provided by the SAO/NASA Astrophysics Data System},
  adsurl = {http://adsabs.harvard.edu/abs/2005AJ....129.1049C},
  journal = {\aj},
  keywords = {Stars: Circumstellar Matter, Stars: Individual: Henry Draper Number:
	HD 107146, Stars: Individual: Alphanumeric: PDS 66, Stars: Individual:
	Alphanumeric: RX J1842.9-3532, Stars: Individual: Alphanumeric: RX
	J1852.3-3700},
  owner = {rpatel},
  timestamp = {2011.07.05}
}

@ARTICLE{Chen2001,
  author = {{Chen}, C.~H. and {Jura}, M.},
  title = {{A Possible Massive Asteroid Belt around {$\zeta$} Leporis}},
  year = {2001},
  volume = {560},
  month = oct,
  pages = {L171-L174},
  doi = {10.1086/324057},
  eprint = {arXiv:astro-ph/0109216},
  adsnote = {Provided by the SAO/NASA Astrophysics Data System},
  adsurl = {http://adsabs.harvard.edu/abs/2001ApJ...560L.171C},
  journal = {\apjl},
  keywords = {Stars: Circumstellar Matter, Stars: Planetary Systems, Stars: Individual:
	Bright Star Number: HR 1998}
}

@ARTICLE{Chen2014,
  author = {{Chen}, C.~H. and {Mittal}, T. and {Kuchner}, M. and {Forrest}, W.~J.
	and {Lisse}, C.~M. and {Manoj}, P. and {Sargent}, B.~A. and {Watson},
	D.~M.},
  title = {{The Spitzer Infrared Spectrograph Debris Disk Catalog. I. Continuum
	Analysis of Unresolved Targets}},
  year = {2014},
  volume = {211},
  eid = {25},
  month = apr,
  pages = {25},
  doi = {10.1088/0067-0049/211/2/25},
  adsnote = {Provided by the SAO/NASA Astrophysics Data System},
  adsurl = {http://cdsads.u-strasbg.fr/abs/2014ApJS..211...25C},
  journal = {\apjs},
  keywords = {catalogs, circumstellar matter, infrared: stars, zodiacal dust },
  owner = {anakha272},
  timestamp = {2014.10.04}
}

@ARTICLE{Chen2005b,
  author = {{Chen}, C.~H. and {Patten}, B.~M. and {Werner}, M.~W. and {Dowell},
	C.~D. and {Stapelfeldt}, K.~R. and {Song}, I. and {Stauffer}, J.~R.
	and {Blaylock}, M. and {Gordon}, K.~D. and {Krause}, V.},
  title = {{A Spitzer Study of Dusty Disks around Nearby, Young Stars}},
  year = {2005},
  volume = {634},
  month = dec,
  pages = {1372-1384},
  doi = {10.1086/497124},
  adsnote = {Provided by the SAO/NASA Astrophysics Data System},
  adsurl = {http://adsabs.harvard.edu/abs/2005ApJ...634.1372C},
  journal = {\apj},
  keywords = {Stars: Circumstellar Matter, Stars: Planetary Systems: Formation}
}

@ARTICLE{Chen2006,
  author = {C. H. Chen and B. A. Sargent and C. Bohac and K. H. Kim and E. Leibensperger
	and M. Jura and J. Najita and W. J. Forrest and D. M. Watson and
	G. C. Sloan and L. D. Keller},
  title = {Spitzer IRS Spectroscopy of IRAS-discovered Debris Disks},
  year = {2006},
  volume = {166},
  number = {1},
  pages = {351},
  url = {http://stacks.iop.org/0067-0049/166/i=1/a=351},
  journal = {The Astrophysical Journal Supplement Series}
}

@ARTICLE{Chen2005a,
  author = {Chen and M. Jura and K. D. Gordon and M. Blaylock},
  title = {A Spitzer Study of Dusty Disks in the Scorpius-Centaurus OB Association},
  year = {2005},
  volume = {623},
  number = {1},
  pages = {493},
  url = {http://stacks.iop.org/0004-637X/623/i=1/a=493},
  abstract = {We have obtained Spitzer Space Telescope MIPS observations of 40 F-
	and G-type common proper motion members of the Scorpius-Centaurus
	OB association with ages between 5 and 20 Myr at 24 and 70 μm. We
	report the detection of 14 objects that possess 24 μm fluxes ≥30%
	larger than their predicted photospheres, tentatively corresponding
	to a disk fraction of ≥35%, including seven objects that also possess
	70 μm excesses ≥100 times larger than their predicted photospheres.
	The 24 μm plus 70 μm excess sources possess high fractional infrared
	luminosities, L IR / L * = 7 × 10 -4 to 3 × 10 -3 ; either they
	possess optically thin, dusty β Pictoris-like disks or compact,
	opaque HD 98800-like disks.},
  journal = {The Astrophysical Journal},
  owner = {rpatel},
  timestamp = {2012.08.05}
}

@ARTICLE{Cieza2012,
  author = {{Cieza}, L.~A. and {Schreiber}, M.~R. and {Romero}, G.~A. and {Williams},
	J.~P. and {Rebassa-Mansergas}, A. and {Mer{\'{\i}}n}, B. },
  title = {{The Nature of Transition Circumstellar Disks. III. Perseus, Taurus,
	and Auriga}},
  year = {2012},
  volume = {750},
  eid = {157},
  month = may,
  pages = {157},
  doi = {10.1088/0004-637X/750/2/157},
  eprint = {1203.6849},
  adsnote = {Provided by the SAO/NASA Astrophysics Data System},
  adsurl = {http://adsabs.harvard.edu/abs/2012ApJ...750..157C},
  archiveprefix = {arXiv},
  journal = {\apj},
  keywords = {binaries: general, circumstellar matter, protoplanetary disks, stars:
	pre-main sequence },
  owner = {rpatel},
  primaryclass = {astro-ph.SR},
  timestamp = {2012.06.21}
}

@ARTICLE{Cohen2003,
  author = {{Cohen}, M. and {Wheaton}, W.~A. and {Megeath}, S.~T.},
  title = {{Spectral Irradiance Calibration in the Infrared. XIV. The Absolute
	Calibration of 2MASS}},
  year = {2003},
  volume = {126},
  month = aug,
  pages = {1090-1096},
  doi = {10.1086/376474},
  eprint = {arXiv:astro-ph/0304350},
  adsnote = {Provided by the SAO/NASA Astrophysics Data System},
  adsurl = {http://adsabs.harvard.edu/abs/2003AJ....126.1090C},
  journal = {\aj},
  keywords = {Infrared Radiation, Surveys},
  owner = {rpatel},
  timestamp = {2012.06.26}
}

@ARTICLE{Cruz-SaenzdeMiera2014,
  author = {{Cruz-Saenz de Miera}, F. and {Chavez}, M. and {Bertone}, E. and
	{Vega}, O.},
  title = {{Searching for infrared excesses in Sun-like stars observed by WISE}},
  year = {2014},
  volume = {437},
  month = jan,
  pages = {391-396},
  doi = {10.1093/mnras/stt1888},
  eprint = {1310.2640},
  adsnote = {Provided by the SAO/NASA Astrophysics Data System},
  adsurl = {http://adsabs.harvard.edu/abs/2014MNRAS.437..391C},
  archiveprefix = {arXiv},
  journal = {\mnras},
  keywords = {circumstellar matter, infrared: stars},
  primaryclass = {astro-ph.SR}
}

@ARTICLE{Cumming2004,
  author = {{Cumming}, A.},
  title = {{Detectability of extrasolar planets in radial velocity surveys}},
  year = {2004},
  volume = {354},
  month = nov,
  pages = {1165-1176},
  doi = {10.1111/j.1365-2966.2004.08275.x},
  eprint = {arXiv:astro-ph/0408470},
  adsnote = {Provided by the SAO/NASA Astrophysics Data System},
  adsurl = {http://adsabs.harvard.edu/abs/2004MNRAS.354.1165C},
  journal = {\mnras},
  keywords = {methods: statistical, binaries: spectroscopic, planetary systems},
  owner = {anakha272},
  timestamp = {2015.01.16}
}

@ARTICLE{Cumming2008,
  author = {{Cumming}, A. and {Butler}, R.~P. and {Marcy}, G.~W. and {Vogt},
	S.~S. and {Wright}, J.~T. and {Fischer}, D.~A.},
  title = {{The Keck Planet Search: Detectability and the Minimum Mass and Orbital
	Period Distribution of Extrasolar Planets}},
  year = {2008},
  volume = {120},
  month = may,
  pages = {531-554},
  doi = {10.1086/588487},
  eprint = {0803.3357},
  adsnote = {Provided by the SAO/NASA Astrophysics Data System},
  adsurl = {http://adsabs.harvard.edu/abs/2008PASP..120..531C},
  archiveprefix = {arXiv},
  journal = {\pasp},
  keywords = {Extrasolar Planets},
  owner = {anakha272},
  timestamp = {2015.01.16}
}

@ARTICLE{Currie2008,
  author = {{Currie}, T. and {Kenyon}, S.~J. and {Balog}, Z. and {Rieke}, G.
	and {Bragg}, A. and {Bromley}, B.},
  title = {The Rise and Fall of Debris Disks: MIPS Observations of h and {$\chi$}
	Persei and the Evolution of Mid-IR Emission from Planet Formation},
  year = {2008},
  volume = {672},
  month = {jan},
  pages = {558-574},
  doi = {10.1086/523698},
  eprint = {0709.2510},
  adsnote = {Provided by the SAO/NASA Astrophysics Data System},
  adsurl = {http://adsabs.harvard.edu/abs/2008ApJ...672..558C},
  archiveprefix = {arXiv},
  journal = {\apj},
  keywords = {Stars: Circumstellar Matter, Infrared: Stars, Galaxy: Open Clusters
	and Associations: Individual: NGC Number: NGC 869, Galaxy: Open Clusters
	and Associations: Individual: NGC Number: NGC 884, Stars: Planetary
	Systems: Formation, Stars: Planetary Systems: Protoplanetary Disks}
}

@ARTICLE{Currie2008b,
  author = {{Currie}, T. and {Plavchan}, P. and {Kenyon}, S.~J.},
  title = {A Spitzer Study of Debris Disks in the Young Nearby Cluster NGC 2232:
	Icy Planets Are Common around \~{}1.5-3 M_{solar} Stars},
  year = {2008},
  volume = {688},
  month = {nov},
  pages = {597-615},
  doi = {10.1086/591842},
  eprint = {0807.2056},
  adsnote = {Provided by the SAO/NASA Astrophysics Data System},
  adsurl = {http://adsabs.harvard.edu/abs/2008ApJ...688..597C},
  archiveprefix = {arXiv},
  journal = {\apj},
  keywords = {Stars: Circumstellar Matter, open clusters and associations: individual
	(NGC 2232), Stars: Planetary Systems: Formation, Stars: Planetary
	Systems: Protoplanetary Disks, Stars: Pre-Main-Sequence}
}

@ARTICLE{Cutri2013a,
  author = {{Cutri}, R.},
  title = {Discrepancy between All-Sky Source Catalog and All-Sky Single Exposure
	Profile-Fitting Photometry},
  year = {2013},
  month = jan,
  journal = {private communication, e-mail}
}

@ARTICLE{Cutri2003,
  author = {{Cutri}, R.~M. and {Skrutskie}, M.~F. and {van Dyk}, S. and {Beichman},
	C.~A. and {Carpenter}, J.~M. and {Chester}, T. and {Cambresy}, L.
	and {Evans}, T. and {Fowler}, J. and {Gizis}, J. and {Howard}, E.
	and {Huchra}, J. and {Jarrett}, T. and {Kopan}, E.~L. and {Kirkpatrick},
	J.~D. and {Light}, R.~M. and {Marsh}, K.~A. and {McCallon}, H. and
	{Schneider}, S. and {Stiening}, R. and {Sykes}, M. and {Weinberg},
	M. and {Wheaton}, W.~A. and {Wheelock}, S. and {Zacarias}, N.},
  title = {{2MASS All-Sky Catalog of Point Sources (Cutri+ 2003)}},
  year = {2003},
  volume = {2246},
  month = mar,
  pages = {0},
  adsnote = {Provided by the SAO/NASA Astrophysics Data System},
  adsurl = {http://adsabs.harvard.edu/abs/2003yCat.2246....0C},
  journal = {VizieR Online Data Catalog},
  keywords = {out.sam 1000x382 2MASS Point Source Catalogue, sample output (on a
	total of 470,992,970 sources)},
  owner = {Ellesar272},
  timestamp = {2013.03.06}
}

@TECHREPORT{Cutri2012,
  author = {{Cutri}, R.~M. and {Wright}, E.~L. and {Conrow}, T. and {Bauer},
	J. and {Benford}, D. and {Brandenburg}, H. and {Dailey}, J. and {Eisenhardt},
	P.~R.~M. and {Evans}, T. and {Fajardo-Acosta}, S. and {Fowler}, J.
	and {Gelino}, C. and {Grillmair}, C. and {Harbut}, M. and {Hoffman},
	D. and {Jarrett}, T. and {Kirkpatrick}, J.~D. and {Leisawitz}, D.
	and {Liu}, W. and {Mainzer}, A. and {Marsh}, K. and {Masci}, F. and
	{McCallon}, H. and {Padgett}, D. and {Ressler}, M.~E. and {Royer},
	D. and {Skrutskie}, M.~F. and {Stanford}, S.~A. and {Wyatt}, P.~L.
	and {Tholen}, D. and {Tsai}, C.~W. and {Wachter}, S. and {Wheelock},
	S.~L. and {Yan}, L. and {Alles}, R. and {Beck}, R. and {Grav}, T.
	and {Masiero}, J. and {McCollum}, B. and {McGehee}, P. and {Papin},
	M. and {Wittman}, M.},
  title = {{Explanatory Supplement to the WISE All-Sky Data Release Products}},
  institution = {NASA-IPAC},
  year = {2012},
  month = mar,
  pages = {1},
  adsnote = {Provided by the SAO/NASA Astrophysics Data System},
  adsurl = {http://adsabs.harvard.edu/abs/2012wise.rept....1C},
  booktitle = {Explanatory Supplement to the WISE All-Sky Data Release Products},
  keywords = {Infrared Astronomy, Infrared Sources, Catalogs, Space Observatories,
	Manuals },
  owner = {rpatel},
  timestamp = {2013.01.05}
}

@ARTICLE{DAntona1994,
  author = {{D'Antona}, F. and {Mazzitelli}, I.},
  title = {{New pre-main-sequence tracks for M less than or equal to 2.5 solar
	mass as tests of opacities and convection model}},
  year = {1994},
  volume = {90},
  month = jan,
  pages = {467-500},
  doi = {10.1086/191867},
  adsnote = {Provided by the SAO/NASA Astrophysics Data System},
  adsurl = {http://adsabs.harvard.edu/abs/1994ApJS...90..467D},
  journal = {\apjs},
  keywords = {COMBUSTION, COMPUTATIONAL ASTROPHYSICS, DEUTERIUM, HERTZSPRUNG-RUSSELL
	DIAGRAM, LITHIUM, OPACITY, PRE-MAIN SEQUENCE STARS, STELLAR CONVECTION,
	STELLAR EVOLUTION, STELLAR MODELS, ABUNDANCE, ATOMIC INTERACTIONS,
	COMPUTATION, EQUATIONS OF STATE, EQUILIBRIUM METHODS, HYDROSTATICS,
	NUMERICAL ANALYSIS},
  owner = {anakha272},
  timestamp = {2015.01.16}
}

@ARTICLE{Dahm2009,
  author = {{Dahm}, S.~E. and {Carpenter}, J.~M.},
  title = {{Spitzer Spectroscopy of Circumstellar Disks in the 5 Myr Old Upper
	Scorpius OB Association}},
  year = {2009},
  volume = {137},
  month = apr,
  pages = {4024-4045},
  doi = {10.1088/0004-6256/137/4/4024},
  eprint = {0901.4120},
  adsnote = {Provided by the SAO/NASA Astrophysics Data System},
  adsurl = {http://adsabs.harvard.edu/abs/2009AJ....137.4024D},
  archiveprefix = {arXiv},
  journal = {\aj},
  keywords = {accretion, accretion disks, open clusters and associations: individual:
	Upper Scorpius OB Association, stars: formation, stars: pre-main
	sequence},
  primaryclass = {astro-ph.SR}
}

@ARTICLE{Dawson2013,
  author = {{Dawson}, P. and {Scholz}, A. and {Ray}, T.~P. and {Marsh}, K.~A.
	and {Wood}, K. and {Natta}, A. and {Padgett}, D. and {Ressler}, M.~E.
	},
  title = {{New brown dwarf discs in Upper Scorpius observed with WISE}},
  year = {2013},
  volume = {429},
  month = feb,
  pages = {903-914},
  doi = {10.1093/mnras/sts386},
  adsnote = {Provided by the SAO/NASA Astrophysics Data System},
  adsurl = {http://adsabs.harvard.edu/abs/2013MNRAS.429..903D},
  journal = {\mnras},
  keywords = {techniques: photometric, open clusters and associations: individual:
	Upper Scorpius, infrared: stars}
}

@ARTICLE{Debes2008,
  author = {{Debes}, J.~H. and {Weinberger}, A.~J. and {Song}, I.},
  title = {{Color Gradients Detected in the HD 15115 Circumstellar Disk}},
  year = {2008},
  volume = {684},
  month = sep,
  pages = {L41-L44},
  doi = {10.1086/592018},
  eprint = {0807.3328},
  adsnote = {Provided by the SAO/NASA Astrophysics Data System},
  adsurl = {http://adsabs.harvard.edu/abs/2008ApJ...684L..41D},
  archiveprefix = {arXiv},
  journal = {\apjl},
  keywords = {Stars: Circumstellar Matter, stars: individual (HD 15115)}
}

@ARTICLE{Decin2000,
  author = {{Decin}, G. and {Dominik}, C. and {Malfait}, K. and {Mayor}, M. and
	{Waelkens}, C.},
  title = {{The Vega phenomenon around G dwarfs}},
  year = {2000},
  volume = {357},
  month = may,
  pages = {533-542},
  adsnote = {Provided by the SAO/NASA Astrophysics Data System},
  adsurl = {http://adsabs.harvard.edu/abs/2000A%26A...357..533D},
  journal = {\aap},
  keywords = {STARS: CIRCUMSTELLAR MATTER, STARS: INDIVIDUAL: G DWARFS, STARS: PLANETARY
	SYSTEMS, INFRARED: STARS},
  owner = {rpatel},
  timestamp = {2011.09.14}
}

@ARTICLE{DeRosapc2014,
  author = {{De Rosa}, R. J.},
  title = {Status of physical companions in VAST survey},
  year = {2014},
  month = jan,
  journal = {private communication, e-mail},
  owner = {rpatel},
  timestamp = {2014.12.02}
}

@ARTICLE{DeRosa2014,
  author = {{De Rosa}, R.~J. and {Patience}, J. and {Wilson}, P.~A. and {Schneider},
	A. and {Wiktorowicz}, S.~J. and {Vigan}, A. and {Marois}, C. and
	{Song}, I. and {Macintosh}, B. and {Graham}, J.~R. and {Doyon}, R.
	and {Bessell}, M.~S. and {Thomas}, S. and {Lai}, O. },
  title = {{The VAST Survey - III. The multiplicity of A-type stars within 75
	pc}},
  year = {2014},
  volume = {437},
  month = jan,
  pages = {1216-1240},
  doi = {10.1093/mnras/stt1932},
  eprint = {1311.7141},
  adsnote = {Provided by the SAO/NASA Astrophysics Data System},
  adsurl = {http://cdsads.u-strasbg.fr/abs/2014MNRAS.437.1216D},
  archiveprefix = {arXiv},
  journal = {\mnras},
  keywords = {techniques: high angular resolution, binaries: close, binaries: general,
	binaries: visual, stars: early-type},
  owner = {rpatel},
  primaryclass = {astro-ph.SR},
  timestamp = {2014.12.02}
}

@ARTICLE{dezeeuw1999,
  author = {{de Zeeuw}, P.~T. and {Hoogerwerf}, R. and {de Bruijne}, J.~H.~J.
	and {Brown}, A.~G.~A. and {Blaauw}, A.},
  title = {{A HIPPARCOS Census of the Nearby OB Associations}},
  year = {1999},
  volume = {117},
  month = jan,
  pages = {354-399},
  doi = {10.1086/300682},
  eprint = {arXiv:astro-ph/9809227},
  adsnote = {Provided by the SAO/NASA Astrophysics Data System},
  adsurl = {http://adsabs.harvard.edu/abs/1999AJ....117..354D},
  journal = {\aj},
  keywords = {STARS: EARLY-TYPE, STARS: FORMATION, STARS: KINEMATICS, STARS: STATISTICS,
	STARS: PRE-MAIN-SEQUENCE, GALAXY: OPEN CLUSTERS AND ASSOCIATIONS:
	GENERAL, GALAXY: OPEN CLUSTERS AND ASSOCIATIONS: INDIVIDUAL: NAME:
	GOULD BELT},
  owner = {rpatel},
  timestamp = {2011.09.13}
}

@ARTICLE{Dodson-Robinson2011,
  author = {{Dodson-Robinson}, S.~E. and {Beichman}, C.~A. and {Carpenter}, J.~M.
	and {Bryden}, G.},
  title = {{A Spitzer Infrared Spectrograph Study of Debris Disks Around Planet-host
	Stars}},
  year = {2011},
  volume = {141},
  month = jan,
  pages = {11-+},
  doi = {10.1088/0004-6256/141/1/11},
  eprint = {1010.3292},
  adsnote = {Provided by the SAO/NASA Astrophysics Data System},
  adsurl = {http://adsabs.harvard.edu/abs/2011AJ....141...11D},
  archiveprefix = {arXiv},
  journal = {\aj},
  keywords = {circumstellar matter, infrared: stars, Kuiper belt: general, planetary
	systems, planets and satellites: formation},
  primaryclass = {astro-ph.SR}
}

@ARTICLE{Dommanget2000,
  author = {{Dommanget}, J. and {Nys}, O.},
  title = {{The visual double stars observed by the Hipparcos satellite}},
  year = {2000},
  volume = {363},
  month = nov,
  pages = {991-994},
  adsnote = {Provided by the SAO/NASA Astrophysics Data System},
  adsurl = {http://cdsads.u-strasbg.fr/abs/2000A%26A...363..991D},
  journal = {\aap},
  keywords = {CATALOGS, ASTROMETRY, STARS: BINARIES: VISUAL},
  owner = {rpatel},
  timestamp = {2013.07.22}
}

@ARTICLE{Donaldson2012,
  author = {{Donaldson}, J.~K. and {Roberge}, A. and {Chen}, C.~H. and {Augereau},
	J.-C. and {Dent}, W.~R.~F. and {Eiroa}, C. and {Krivov}, A.~V. and
	{Mathews}, G.~S. and {Meeus}, G. and {M{\'e}nard}, F. and {Riviere-Marichalar},
	P. and {Sandell}, G.},
  title = {{Herschel PACS Observations and Modeling of Debris Disks in the Tucana-Horologium
	Association}},
  year = {2012},
  volume = {753},
  eid = {147},
  month = jul,
  pages = {147},
  doi = {10.1088/0004-637X/753/2/147},
  eprint = {1206.6358},
  adsnote = {Provided by the SAO/NASA Astrophysics Data System},
  adsurl = {http://adsabs.harvard.edu/abs/2012ApJ...753..147D},
  archiveprefix = {arXiv},
  journal = {\apj},
  keywords = {circumstellar matter, infrared: stars },
  owner = {rpatel},
  primaryclass = {astro-ph.SR},
  timestamp = {2012.10.18}
}

@ARTICLE{2007A&A...473..457D,
  author = {{Dullemond}, C.~P. and {Henning}, T. and {Visser}, R. and {Geers},
	V.~C. and {van Dishoeck}, E.~F. and {Pontoppidan}, K.~M.},
  title = {{Dust sedimentation in protoplanetary disks with polycyclic aromatic
	hydrocarbons}},
  year = {2007},
  volume = {473},
  month = oct,
  pages = {457-466},
  doi = {10.1051/0004-6361:20077581},
  adsnote = {Provided by the SAO/NASA Astrophysics Data System},
  adsurl = {http://adsabs.harvard.edu/abs/2007A%26A...473..457D},
  journal = {\aap},
  keywords = {accretion, accretion disks, circumstellar matter, stars: formation,
	stars: pre-main-sequence, infrared: stars},
  owner = {anakha272},
  timestamp = {2015.07.16}
}

@ARTICLE{Ehrenreich2010,
  author = {{Ehrenreich}, D. and {Lagrange}, A.-M. and {Montagnier}, G. and {Chauvin},
	G. and {Galland}, F. and {Beuzit}, J.-L. and {Rameau}, J.},
  title = {{Deep infrared imaging of close companions to austral A- and F-type
	stars}},
  year = {2010},
  volume = {523},
  eid = {A73},
  month = nov,
  pages = {A73},
  doi = {10.1051/0004-6361/201014763},
  eprint = {1007.0002},
  adsnote = {Provided by the SAO/NASA Astrophysics Data System},
  adsurl = {http://adsabs.harvard.edu/abs/2010A%26A...523A..73E},
  archiveprefix = {arXiv},
  journal = {\aap},
  keywords = {stars: early type, binaries: close, surveys, astrometry, instrumentation:
	adaptive optics},
  owner = {anakha272},
  primaryclass = {astro-ph.SR},
  timestamp = {2014.01.01}
}

@ARTICLE{Eiroa2011,
  author = {{Eiroa}, C. and {Marshall}, J.~P. and {Mora}, A. and {Krivov}, A.~V.
	and {Montesinos}, B. and {Absil}, O. and {Ardila}, D. and {Ar{\'e}valo},
	M. and {Augereau}, J.-C. and {Bayo}, A. and {Danchi}, W. and {Del
	Burgo}, C. and {Ertel}, S. and {Fridlund}, M. and {Gonz{\'a}lez-Garc{\'{\i}}a},
	B.~M. and {Heras}, A.~M. and {Lebreton}, J. and {Liseau}, R. and
	{Maldonado}, J. and {Meeus}, G. and {Montes}, D. and {Pilbratt},
	G.~L. and {Roberge}, A. and {Sanz-Forcada}, J. and {Stapelfeldt},
	K. and {Th{\'e}bault}, P. and {White}, G.~J. and {Wolf}, S.},
  title = {{Herschel discovery of a new class of cold, faint debris discs}},
  year = {2011},
  volume = {536},
  eid = {L4},
  month = dec,
  pages = {L4},
  doi = {10.1051/0004-6361/201117797},
  eprint = {1110.4826},
  adsnote = {Provided by the SAO/NASA Astrophysics Data System},
  adsurl = {http://adsabs.harvard.edu/abs/2011A%26A...536L...4E},
  archiveprefix = {arXiv},
  journal = {\aap},
  keywords = {circumstellar matter, planetary systems, stars: individual:{\amp}alpha;Men
	(HIP 29271), stars: individual: HD 88230 (HIP 49908), stars: individual:
	HD 210277 (HIP 109378)},
  primaryclass = {astro-ph.SR}
}

@ARTICLE{Eiroa2013,
  author = {{Eiroa}, C. and {Marshall}, J.~P. and {Mora}, A. and {Montesinos},
	B. and {Absil}, O. and {Augereau}, J.~C. and {Bayo}, A. and {Bryden},
	G. and {Danchi}, W. and {del Burgo}, C. and {Ertel}, S. and {Fridlund},
	M. and {Heras}, A.~M. and {Krivov}, A.~V. and {Launhardt}, R. and
	{Liseau}, R. and {L{\"o}hne}, T. and {Maldonado}, J. and {Pilbratt},
	G.~L. and {Roberge}, A. and {Rodmann}, J. and {Sanz-Forcada}, J.
	and {Solano}, E. and {Stapelfeldt}, K. and {Th{\'e}bault}, P. and
	{Wolf}, S. and {Ardila}, D. and {Ar{\'e}valo}, M. and {Beichmann},
	C. and {Faramaz}, V. and {Gonz{\'a}lez-Garc{\'{\i}}a}, B.~M. and
	{Guti{\'e}rrez}, R. and {Lebreton}, J. and {Mart{\'{\i}}nez-Arn{\'a}iz},
	R. and {Meeus}, G. and {Montes}, D. and {Olofsson}, G. and {Su},
	K.~Y.~L. and {White}, G.~J. and {Barrado}, D. and {Fukagawa}, M.
	and {Gr{\"u}n}, E. and {Kamp}, I. and {Lorente}, R. and {Morbidelli},
	A. and {M{\"u}ller}, S. and {Mutschke}, H. and {Nakagawa}, T. and
	{Ribas}, I. and {Walker}, H. },
  title = {{DUst around NEarby Stars. The survey observational results}},
  year = {2013},
  volume = {555},
  eid = {A11},
  month = jul,
  pages = {A11},
  doi = {10.1051/0004-6361/201321050},
  eprint = {1305.0155},
  adsnote = {Provided by the SAO/NASA Astrophysics Data System},
  adsurl = {http://adsabs.harvard.edu/abs/2013A%26A...555A..11E},
  archiveprefix = {arXiv},
  journal = {\aap},
  keywords = {circumstellar matter, planetary systems, infrared: stars},
  owner = {rpatel},
  primaryclass = {astro-ph.SR},
  timestamp = {2014.12.05}
}

@ARTICLE{Eker2008,
  author = {{Eker}, Z. and {Ak}, N.~F. and {Bilir}, S. and {Do{\v g}ru}, D. and
	{T{\"u}ys{\"u}z}, M. and {Soydugan}, E. and {Bak{\i}{\c s}}, H. and
	{U{\v g}ra{\c s}}, B. and {Soydugan}, F. and {Erdem}, A. and {Demircan},
	O.},
  title = {{A catalogue of chromospherically active binary stars (third edition)}},
  year = {2008},
  volume = {389},
  month = oct,
  pages = {1722-1726},
  doi = {10.1111/j.1365-2966.2008.13670.x},
  eprint = {0805.4517},
  adsnote = {Provided by the SAO/NASA Astrophysics Data System},
  adsurl = {http://adsabs.harvard.edu/abs/2008MNRAS.389.1722E},
  archiveprefix = {arXiv},
  journal = {\mnras},
  keywords = {catalogues , binaries: general , stars: chromospheres , stars: fundamental
	parameters}
}

@ARTICLE{Ertel2011,
  author = {{Ertel}, S. and {Wolf}, S. and {Metchev}, S. and {Schneider}, G.
	and {Carpenter}, J.~M. and {Meyer}, M.~R. and {Hillenbrand}, L.~A.
	and {Silverstone}, M.~D.},
  title = {{Multi-wavelength modeling of the spatially resolved debris disk
	of HD 107146}},
  year = {2011},
  volume = {533},
  eid = {A132},
  month = sep,
  pages = {A132},
  doi = {10.1051/0004-6361/201015910},
  eprint = {1107.1057},
  adsnote = {Provided by the SAO/NASA Astrophysics Data System},
  adsurl = {http://adsabs.harvard.edu/abs/2011A%26A...533A.132E},
  archiveprefix = {arXiv},
  journal = {\aap},
  keywords = {stars: individual: HD 107146, techniques: high angular resolution,
	methods: data analysis, circumstellar matter, infrared: stars},
  owner = {anakha272},
  primaryclass = {astro-ph.SR},
  timestamp = {2014.01.05}
}

@ARTICLE{Espaillat2007,
  author = {{Espaillat}, C. and {Calvet}, N. and {D'Alessio}, P. and {Hern{\'a}ndez},
	J. and {Qi}, C. and {Hartmann}, L. and {Furlan}, E. and {Watson},
	D.~M. },
  title = {{On the Diversity of the Taurus Transitional Disks: UX Tauri A and
	LkCa 15}},
  year = {2007},
  volume = {670},
  month = dec,
  pages = {L135-L138},
  doi = {10.1086/524360},
  eprint = {0710.2892},
  adsnote = {Provided by the SAO/NASA Astrophysics Data System},
  adsurl = {http://adsabs.harvard.edu/abs/2007ApJ...670L.135E},
  archiveprefix = {arXiv},
  journal = {\apjl},
  keywords = {Accretion, Accretion Disks, Stars: Circumstellar Matter, Stars: Formation,
	Stars: Pre-Main-Sequence}
}

@ARTICLE{Fabricius2002,
  author = {{Fabricius}, C. and {Makarov}, V.~V. and {Knude}, J. and {Wycoff},
	G.~L. },
  title = {{Henry Draper catalogue identifications for Tycho-2 stars}},
  year = {2002},
  volume = {386},
  month = may,
  pages = {709-710},
  doi = {10.1051/0004-6361:20020249},
  adsnote = {Provided by the SAO/NASA Astrophysics Data System},
  adsurl = {http://adsabs.harvard.edu/abs/2002A%26A...386..709F},
  journal = {\aap},
  keywords = {Stars: Fundamental Parameters, Catalogs}
}

@ARTICLE{Fajardo-acosta1993,
  author = {{Fajardo-Acosta}, S.~B. and {Telesco}, C.~M. and {Knacke}, R.~F.
	},
  title = {{Detection of Silicates in the 51 Ophiuchi System}},
  year = {1993},
  volume = {417},
  month = nov,
  pages = {L33},
  doi = {10.1086/187087},
  adsnote = {Provided by the SAO/NASA Astrophysics Data System},
  adsurl = {http://adsabs.harvard.edu/abs/1993ApJ...417L..33F},
  journal = {\apjl},
  keywords = {INFRARED: STARS, STARS: CIRCUMSTELLAR MATTER, STARS: INDIVIDUAL CONSTELLATION
	NAME: 51 OPHIUCHI}
}

@ARTICLE{Fischer1998,
  author = {{Fischer}, J.-U. and {Hasinger}, G. and {Schwope}, A.~D. and {Brunner},
	H. and {Boller}, T. and {Tr{\"u}mper}, J. and {Voges}, W. and {Neizvestnyj},
	S.},
  title = {{The ROSAT Bright Survey. I. Identification of an AGN sample with
	hard ROSAT X-ray spectra.}},
  year = {1998},
  volume = {319},
  month = oct,
  pages = {347-368},
  eprint = {astro-ph/9811139},
  adsnote = {Provided by the SAO/NASA Astrophysics Data System},
  adsurl = {http://cdsads.u-strasbg.fr/abs/1998AN....319..347F},
  journal = {Astronomische Nachrichten},
  keywords = {Active Galactic Nuclei: X-Ray Surveys, Active Galactic Nuclei: Seyfert
	Galaxies, Active Galactic Nuclei: BL Lacertae Objects, X-Ray Surveys:
	Cataclysmic Binaries, X-Ray Surveys: Clusters of Galaxies, X-Ray
	Surveys: Bright Stars}
}

@ARTICLE{Fitzgerald2007,
  author = {{Fitzgerald}, M.~P. and {Kalas}, P.~G. and {Graham}, J.~R.},
  title = {{A Ring of Warm Dust in the HD 32297 Debris Disk}},
  year = {2007},
  volume = {670},
  month = nov,
  pages = {557-564},
  doi = {10.1086/521699},
  eprint = {0707.3295},
  adsnote = {Provided by the SAO/NASA Astrophysics Data System},
  adsurl = {http://adsabs.harvard.edu/abs/2007ApJ...670..557F},
  archiveprefix = {arXiv},
  journal = {\apj},
  keywords = {Stars: Circumstellar Matter, Infrared: Stars, Stars: Planetary Systems:
	Protoplanetary Disks, Stars: Formation, stars: individual (HD 32297)}
}

@ARTICLE{Forrest1975,
  author = {{Forrest}, W.~J. and {Gillett}, F.~C. and {Stein}, W.~A.},
  title = {{Circumstellar grains and the intrinsic polarization of starlight}},
  year = {1975},
  volume = {195},
  month = jan,
  pages = {423-440},
  doi = {10.1086/153342},
  adsnote = {Provided by the SAO/NASA Astrophysics Data System},
  adsurl = {http://adsabs.harvard.edu/abs/1975ApJ...195..423F},
  journal = {\apj},
  keywords = {COSMIC DUST, INFRARED ASTRONOMY, INTERSTELLAR MATTER, OPTICAL POLARIZATION,
	STELLAR ENVELOPES, STELLAR RADIATION, VARIABLE STARS, ABSORPTION
	SPECTRA, ABUNDANCE, BLACK BODY RADIATION, EMISSION SPECTRA, LIGHT
	SCATTERING, SILICATES, SILICON CARBIDES}
}

@ARTICLE{Forrest2004,
  author = {{Forrest}, W.~J. and {Sargent}, B. and {Furlan}, E. and {D'Alessio},
	P. and {Calvet}, N. and {Hartmann}, L. and {Uchida}, K.~I. and {Green},
	J.~D. and {Watson}, D.~M. and {Chen}, C.~H. and {Kemper}, F. and
	{Keller}, L.~D. and {Sloan}, G.~C. and {Herter}, T.~L. and {Brandl},
	B.~R. and {Houck}, J.~R. and {Barry}, D.~J. and {Hall}, P. and {Morris},
	P.~W. and {Najita}, J. and {Myers}, P.~C.},
  title = {{Mid-infrared Spectroscopy of Disks around Classical T Tauri Stars}},
  year = {2004},
  volume = {154},
  month = sep,
  pages = {443-447},
  doi = {10.1086/423138},
  eprint = {arXiv:astro-ph/0605464},
  adsnote = {Provided by the SAO/NASA Astrophysics Data System},
  adsurl = {http://adsabs.harvard.edu/abs/2004ApJS..154..443F},
  journal = {\apjs},
  keywords = {Stars: Circumstellar Matter, Infrared: Stars, Stars: Planetary Systems:
	Protoplanetary Disks, Stars: Individual: Constellation Name: CoKu
	Tauri/4, Stars: Pre-Main-Sequence, Stars: Variables: Other}
}

@ARTICLE{Fortney2004,
  author = {{Fortney}, J.~J. and {Hubbard}, W.~B.},
  title = {{Effects of Helium Phase Separation on the Evolution of Extrasolar
	Giant Planets}},
  year = {2004},
  volume = {608},
  month = jun,
  pages = {1039-1049},
  doi = {10.1086/420765},
  eprint = {arXiv:astro-ph/0402620},
  adsnote = {Provided by the SAO/NASA Astrophysics Data System},
  adsurl = {http://adsabs.harvard.edu/abs/2004ApJ...608.1039F},
  journal = {\apj},
  keywords = {Equation of State, Stars: Planetary Systems, Planets and Satellites:
	General, Planets and Satellites: Individual: Jupiter, Planets and
	Satellites: Individual: Saturn},
  owner = {rpatel},
  timestamp = {2013.03.12}
}

@ARTICLE{Fujiwara2013,
  author = {{Fujiwara}, H. and {Ishihara}, D. and {Onaka}, T. and {Takita}, S.
	and {Kataza}, H. and {Yamashita}, T. and {Fukagawa}, M. and {Ootsubo},
	T. and {Hirao}, T. and {Enya}, K. and {Marshall}, J.~P. and {White},
	G.~J. and {Nakagawa}, T. and {Murakami}, H.},
  title = {{AKARI/IRC 18 {$\mu$}m survey of warm debris disks}},
  year = {2013},
  volume = {550},
  eid = {A45},
  month = feb,
  pages = {A45},
  doi = {10.1051/0004-6361/201219841},
  eprint = {1211.6365},
  adsnote = {Provided by the SAO/NASA Astrophysics Data System},
  adsurl = {http://adsabs.harvard.edu/abs/2013A%26A...550A..45F},
  archiveprefix = {arXiv},
  journal = {\aap},
  keywords = {circumstellar matter, zodiacal dust, infrared: stars},
  primaryclass = {astro-ph.EP}
}

@ARTICLE{Fujiwara2010,
  author = {{Fujiwara}, H. and {Onaka}, T. and {Ishihara}, D. and {Yamashita},
	T. and {Fukagawa}, M. and {Nakagawa}, T. and {Kataza}, H. and {Ootsubo},
	T. and {Murakami}, H.f},
  title = {{Enstatite-rich Warm Debris Dust Around HD165014}},
  year = {2010},
  volume = {714},
  month = may,
  pages = {L152-L156},
  doi = {10.1088/2041-8205/714/1/L152},
  eprint = {1004.0560},
  adsnote = {Provided by the SAO/NASA Astrophysics Data System},
  adsurl = {http://adsabs.harvard.edu/abs/2010ApJ...714L.152F},
  archiveprefix = {arXiv},
  journal = {\apjl},
  keywords = {circumstellar matter, infrared: stars, planetary systems, stars: individual:
	HD165014},
  primaryclass = {astro-ph.EP}
}

@ARTICLE{Fujiwara2012,
  author = {{Fujiwara}, H. and {Onaka}, T. and {Yamashita}, T. and {Ishihara},
	D. and {Kataza}, H. and {Fukagawa}, M. and {Takeda}, Y. and {Murakami},
	H. },
  title = {{Silica-rich Bright Debris Disk around HD 15407A}},
  year = {2012},
  volume = {749},
  eid = {L29},
  month = apr,
  pages = {L29},
  doi = {10.1088/2041-8205/749/2/L29},
  eprint = {1203.2534},
  adsnote = {Provided by the SAO/NASA Astrophysics Data System},
  adsurl = {http://adsabs.harvard.edu/abs/2012ApJ...749L..29F},
  archiveprefix = {arXiv},
  journal = {\apjl},
  keywords = {circumstellar matter, infrared: stars, stars: individual: HD 15407A,
	zodiacal dust},
  owner = {rpatel},
  primaryclass = {astro-ph.EP},
  timestamp = {2012.06.21}
}

@ARTICLE{Furlan2009,
  author = {{Furlan}, E. and {Watson}, D.~M. and {McClure}, M.~K. and {Manoj},
	P. and {Espaillat}, C. and {D'Alessio}, P. and {Calvet}, N. and {Kim},
	K.~H. and {Sargent}, B.~A. and {Forrest}, W.~J. and {Hartmann}, L.},
  title = {{Disk Evolution in the Three Nearby Star-forming Regions of Taurus,
	Chamaeleon, and Ophiuchus}},
  year = {2009},
  volume = {703},
  month = oct,
  pages = {1964-1983},
  doi = {10.1088/0004-637X/703/2/1964},
  eprint = {0909.0960},
  adsnote = {Provided by the SAO/NASA Astrophysics Data System},
  adsurl = {http://adsabs.harvard.edu/abs/2009ApJ...703.1964F},
  archiveprefix = {arXiv},
  journal = {\apj},
  keywords = {circumstellar matter, infrared: stars, stars: formation, stars: pre-main
	sequence},
  primaryclass = {astro-ph.SR}
}

@ARTICLE{G'asp'ar2009,
  author = {{G{\'a}sp{\'a}r}, A. and {Rieke}, G.~H. and {Su}, K.~Y.~L. and {Balog},
	Z. and {Trilling}, D. and {Muzzerole}, J. and {Apai}, D. and {Kelly},
	B.~C.},
  title = {{The Low Level of Debris Disk Activity at the Time of the Late Heavy
	Bombardment: A Spitzer Study of Praesepe}},
  year = {2009},
  volume = {697},
  month = jun,
  pages = {1578-1596},
  doi = {10.1088/0004-637X/697/2/1578},
  eprint = {0903.4193},
  adsnote = {Provided by the SAO/NASA Astrophysics Data System},
  adsurl = {http://adsabs.harvard.edu/abs/2009ApJ...697.1578G},
  archiveprefix = {arXiv},
  journal = {\apj},
  keywords = {circumstellar matter, infrared: stars, open clusters and associations:
	individual: Praesepe M44 NGC 2632 Beehive, planetary systems: formation,
	stars: evolution},
  owner = {rpatel},
  primaryclass = {astro-ph.SR},
  timestamp = {2012.06.21}
}

@ARTICLE{Gaidos1999,
  author = {Eric J. Gaidos},
  title = {Observational Constraints on Late Heavy Bombardment Episodes around
	Young Solar Analogs},
  year = {1999},
  volume = {510},
  number = {2},
  pages = {L131},
  url = {http://stacks.iop.org/1538-4357/510/i=2/a=L131},
  abstract = {Thermal emission from dust is investigated around 36 nearby G and
	K stars selected as analogs to the young Sun during the period of
	late heavy bombardment on the Moon (prior to 3.8 Ga). Measurements
	or upper limits at 12, 25, and 60 ?m wavelengths were obtained from
	observations by the Infrared Astronomical Satellite ( IRAS ), and
	photosphere contributions were subtracted using the models of Kurucz
	and ground-based optical and near-infrared data. A single star, HD
	128400, has circumstellar emission that is consistent with a 490
	K blackbody with an effective area ~7 ? 10 3 times that of the present
	solar system zodiacal cloud. Emission from 260 K dust at a mean level
	exceeding 900 times the present zodiacal cloud can be ruled out for
	the remaining 35 stars. A model of dust production by cometary impactors
	scaled to the lunar cratering record shows that dust from late heavy
	bombardment episodes around these stars would fall below IRAS detection
	levels after 500 Myr (4.1 Ga). The emission from HD 128400 is broadly
	consistent with the model at the star's 300 Myr age.},
  journal = {\apjl},
  owner = {rpatel},
  timestamp = {2012.10.06}
}

@ARTICLE{Gray2006,
  author = {{Gray}, R.~O. and {Corbally}, C.~J. and {Garrison}, R.~F. and {McFadden},
	M.~T. and {Bubar}, E.~J. and {McGahee}, C.~E. and {O'Donoghue}, A.~A.
	and {Knox}, E.~R.},
  title = {{Contributions to the Nearby Stars (NStars) Project: Spectroscopy
	of Stars Earlier than M0 within 40 pc-The Southern Sample}},
  year = {2006},
  volume = {132},
  month = jul,
  pages = {161-170},
  doi = {10.1086/504637},
  eprint = {astro-ph/0603770},
  adsnote = {Provided by the SAO/NASA Astrophysics Data System},
  adsurl = {http://adsabs.harvard.edu/abs/2006AJ....132..161G},
  journal = {\aj},
  keywords = {Galaxy: Solar Neighborhood, Stars: Abundances, Stars: Activity, Stars:
	Fundamental Parameters, Stars: Late-Type, Stars: Statistics},
  owner = {anakha272},
  timestamp = {2015.07.15}
}

@ARTICLE{Grigorieva2007,
  author = {{Grigorieva}, A. and {Th{\'e}bault}, P. and {Artymowicz}, P. and
	{Brandeker}, A.},
  title = {{Survival of icy grains in debris discs. The role of photosputtering}},
  year = {2007},
  volume = {475},
  month = nov,
  pages = {755-764},
  doi = {10.1051/0004-6361:20077686},
  eprint = {0709.0811},
  adsnote = {Provided by the SAO/NASA Astrophysics Data System},
  adsurl = {http://adsabs.harvard.edu/abs/2007A%26A...475..755G},
  archiveprefix = {arXiv},
  journal = {\aap},
  keywords = {stars: circumstellar matter, stars: planetary systems: formation,
	stars: planetary systems: protoplanetary disks, stars: individual:
	{$\beta$} Pictoris},
  owner = {rpatel},
  timestamp = {2012.10.06}
}

@ARTICLE{Grogan2001,
  author = {{Grogan}, K. and {Dermott}, S.~F. and {Durda}, D.~D.},
  title = {{The Size-Frequency Distribution of the Zodiacal Cloud: Evidence
	from the Solar System Dust Bands}},
  year = {2001},
  volume = {152},
  month = aug,
  pages = {251-267},
  doi = {10.1006/icar.2001.6638},
  eprint = {arXiv:astro-ph/0005286},
  adsnote = {Provided by the SAO/NASA Astrophysics Data System},
  adsurl = {http://adsabs.harvard.edu/abs/2001Icar..152..251G},
  journal = {\icarus},
  owner = {rpatel},
  timestamp = {2012.09.16}
}

@ARTICLE{Hog2000,
  author = {{H{\o}g}, E. and {Fabricius}, C. and {Makarov}, V.~V. and {Urban},
	S. and {Corbin}, T. and {Wycoff}, G. and {Bastian}, U. and {Schwekendiek},
	P. and {Wicenec}, A.},
  title = {{The Tycho-2 catalogue of the 2.5 million brightest stars}},
  year = {2000},
  volume = {355},
  month = mar,
  pages = {L27-L30},
  adsnote = {Provided by the NASA Astrophysics Data System},
  adsurl = {http://adsabs.harvard.edu/cgi-bin/nph-bib_query?bibcode=2000A%26A...355L..27H&amp;db_key=AST},
  journal = {\aap}
}

@ARTICLE{Habing2001,
  author = {{Habing}, H.~J. and {Dominik}, C. and {Jourdain de Muizon}, M. and
	{Laureijs}, R.~J. and {Kessler}, M.~F. and {Leech}, K. and {Metcalfe},
	L. and {Salama}, A. and {Siebenmorgen}, R. and {Trams}, N. and {Bouchet},
	P. },
  title = {{Incidence and survival of remnant disks around main-sequence stars}},
  year = {2001},
  volume = {365},
  month = jan,
  pages = {545-561},
  doi = {10.1051/0004-6361:20000075},
  eprint = {arXiv:astro-ph/0011137},
  adsnote = {Provided by the SAO/NASA Astrophysics Data System},
  adsurl = {http://adsabs.harvard.edu/abs/2001A%26A...365..545H},
  journal = {\aap},
  keywords = {STARS: PLANETARY SYSTEMS, INFRARED: STARS},
  owner = {rpatel},
  timestamp = {2012.03.16}
}

@ARTICLE{Hauschildt1999,
  author = {{Hauschildt}, P.~H. and {Allard}, F. and {Baron}, E.},
  title = {{The NextGen Model Atmosphere Grid for 3000{\lt}=T\_eff{\lt}=10,000
	K}},
  year = {1999},
  volume = {512},
  month = feb,
  pages = {377-385},
  doi = {10.1086/306745},
  eprint = {arXiv:astro-ph/9807286},
  adsnote = {Provided by the SAO/NASA Astrophysics Data System},
  adsurl = {http://adsabs.harvard.edu/abs/1999ApJ...512..377H},
  journal = {\apj},
  keywords = {RADIATIVE TRANSFER, STARS: ATMOSPHERES, STARS: LATE-TYPE},
  owner = {rpatel},
  timestamp = {2012.09.14}
}

@ARTICLE{Heintz1986,
  author = {{Heintz}, W.~D.},
  title = {{Orbits of 20 visual binaries}},
  year = {1986},
  volume = {64},
  month = apr,
  pages = {1-7},
  adsnote = {Provided by the SAO/NASA Astrophysics Data System},
  adsurl = {http://adsabs.harvard.edu/abs/1986A%26AS...64....1H},
  journal = {\aaps},
  keywords = {ASTROMETRY, BINARY STARS, STELLAR ORBITS, EPHEMERIDES, ORBITAL ELEMENTS,
	TABLES (DATA)}
}

@INPROCEEDINGS{Helou1989,
  author = {{Helou}, G.},
  editor = {{Allamandola}, L.~J. and {Tielens}, A.~G.~G.~M.},
  title = {{Far Infrared Emission from Galactic and Extragalactic Dust}},
  booktitle = {Interstellar Dust},
  year = {1989},
  volume = {135},
  series = {IAU Symposium},
  pages = {285},
  adsnote = {Provided by the SAO/NASA Astrophysics Data System},
  adsurl = {http://adsabs.harvard.edu/abs/1989IAUS..135..285H},
  owner = {rpatel},
  timestamp = {2013.02.25}
}

@ARTICLE{Heng2013,
  author = {{Heng}, K. and {Malik}, M.},
  title = {{Debris discs around M stars: non-existence versus non-detection}},
  year = {2013},
  month = apr,
  doi = {10.1093/mnras/stt615},
  eprint = {1304.3125},
  adsnote = {Provided by the SAO/NASA Astrophysics Data System},
  adsurl = {http://adsabs.harvard.edu/abs/2013MNRAS.tmp.1231H},
  archiveprefix = {arXiv},
  journal = {\mnras},
  keywords = {planets and satellites: general},
  primaryclass = {astro-ph.EP}
}

@INPROCEEDINGS{HillenbrandAges2008,
  author = {{Hillenbrand}, L.~A. and {Bauermeister}, A. and {White}, R.~J.},
  editor = {{G.~van Belle}},
  title = {{An Assessment of HR Diagram Constraints on Ages and Age Spreads
	in Star-Forming Regions and Young Clusters}},
  booktitle = {14th Cambridge Workshop on Cool Stars, Stellar Systems, and the Sun},
  year = {2008},
  volume = {384},
  series = {Astronomical Society of the Pacific Conference Series},
  month = apr,
  pages = {200-+},
  eprint = {arXiv:astro-ph/0703642},
  adsnote = {Provided by the SAO/NASA Astrophysics Data System},
  adsurl = {http://adsabs.harvard.edu/abs/2008ASPC..384..200H},
  owner = {rpatel},
  timestamp = {2011.09.13}
}

@ARTICLE{Hillenbrand2008,
  author = {{Hillenbrand}, L.~A. and {Carpenter}, J.~M. and {Kim}, J.~S. and
	{Meyer}, M.~R. and {Backman}, D.~E. and {Moro-Mart{\'{\i}}n}, A.
	and {Hollenbach}, D.~J. and {Hines}, D.~C. and {Pascucci}, I. and
	{Bouwman}, J.},
  title = {{The Complete Census of 70 {$\mu$}m-bright Debris Disks within ``the
	Formation and Evolution of Planetary Systems'' Spitzer Legacy Survey
	of Sun-like Stars}},
  year = {2008},
  volume = {677},
  number = {1},
  month = apr,
  pages = {630-656},
  doi = {10.1086/529027},
  eprint = {0801.0163},
  adsnote = {Provided by the SAO/NASA Astrophysics Data System},
  adsurl = {http://adsabs.harvard.edu/abs/2008ApJ...677..630H},
  archiveprefix = {arXiv},
  journal = {\apj},
  keywords = {Stars: Circumstellar Matter, Infrared: General, Kuiper Belt, Stars:
	Planetary Systems, stars: individual (HD 104860), stars: individual
	(HD 105), Stars: Individual: Henry Draper Number: HD 107146, stars:
	individual (HD 122652), stars: individual (HD 141943), stars: individual
	(HD 14306), stars: individual (HD 145229), stars: individual (HD
	150706), stars: individual (HD 17925), stars: individual (HD 187897),
	stars: individual (HD 191089), stars: individual (HD 201219), stars:
	individual (HD 202917), stars: individual (HD 204277), stars: individual
	(HD 206374), stars: individual (HD 209253), stars: individual (HD
	219498), stars: individual (HD 22179), stars: individual (HD 25457),
	stars: individual (HD 31392), Stars: Individual: Henry Draper Number:
	HD 35850, stars: individual (HD 37484), stars: individual (HD 377),
	stars: individual (HD 38207), Stars: Individual: Henry Draper Number:
	HD 38529, stars: individual (HD 61005), stars: individual (HD 6963),
	stars: individual (HD 70573), stars: individual (HD 72905), stars:
	individual (HD 85301), stars: individual (HD 8907 MML 17), stars:
	individual (PDS 66), stars: individual ([PZ99] J161411.0-230536),
	stars: individual (RX J1111.7-7620), stars: individual (RX J1842.9-3532),
	stars: individual (RX J1852.3-3700)},
  owner = {rpatel}
}

@ARTICLE{Hillenbrand2004,
  author = {{Hillenbrand}, L.~A. and {White}, R.~J.},
  title = {{An Assessment of Dynamical Mass Constraints on Pre-Main-Sequence
	Evolutionary Tracks}},
  year = {2004},
  volume = {604},
  month = apr,
  pages = {741-757},
  doi = {10.1086/382021},
  eprint = {arXiv:astro-ph/0312189},
  adsnote = {Provided by the SAO/NASA Astrophysics Data System},
  adsurl = {http://adsabs.harvard.edu/abs/2004ApJ...604..741H},
  journal = {\apj},
  keywords = {Stars: Binaries: General, Stars: Hertzsprung-Russell Diagram, Stars:
	Pre-Main-Sequence},
  owner = {anakha272},
  timestamp = {2015.01.16}
}

@ARTICLE{Hines2006,
  author = {{Hines}, D.~C. and {Backman}, D.~E. and {Bouwman}, J. and {Hillenbrand},
	L.~A. and {Carpenter}, J.~M. and {Meyer}, M.~R. and {Kim}, J.~S.
	and {Silverstone}, M.~D. and {Rodmann}, J. and {Wolf}, S. and {Mamajek},
	E.~E. and {Brooke}, T.~Y. and {Padgett}, D.~L. and {Henning}, T.
	and {Moro-Mart{\'{\I}}n}, A. and {Stobie}, E. and {Gordon}, K.~D.
	and {Morrison}, J.~E. and {Muzerolle}, J. and {Su}, K.~Y.~L.},
  title = {{The Formation and Evolution of Planetary Systems (FEPS): Discovery
	of an Unusual Debris System Associated with HD 12039}},
  year = {2006},
  volume = {638},
  month = feb,
  pages = {1070-1079},
  doi = {10.1086/498929},
  eprint = {arXiv:astro-ph/0510294},
  adsnote = {Provided by the SAO/NASA Astrophysics Data System},
  adsurl = {http://adsabs.harvard.edu/abs/2006ApJ...638.1070H},
  journal = {\apj},
  keywords = {Stars: Circumstellar Matter, Infrared: Stars, Stars: Planetary Systems:
	Protoplanetary Disks, stars: individual (HD 12039)}
}

@ARTICLE{Hines2007,
  author = {{Hines}, D.~C. and {Schneider}, G. and {Hollenbach}, D. and {Mamajek},
	E.~E. and {Hillenbrand}, L.~A. and {Metchev}, S.~A. and {Meyer},
	M.~R. and {Carpenter}, J.~M. and {Moro-Mart{\'{\i}}n}, A. and {Silverstone},
	M.~D. and {Kim}, J.~S. and {Henning}, T. and {Bouwman}, J. and {Wolf},
	S.},
  title = {{The Moth: An Unusual Circumstellar Structure Associated with HD
	61005}},
  year = {2007},
  volume = {671},
  month = dec,
  pages = {L165-L168},
  doi = {10.1086/525016},
  adsnote = {Provided by the SAO/NASA Astrophysics Data System},
  adsurl = {http://adsabs.harvard.edu/abs/2007ApJ...671L.165H},
  journal = {\apjl},
  keywords = {Stars: Circumstellar Matter, Infrared: Stars, Stars: Planetary Systems:
	Protoplanetary Disks, stars: individual (HD 61005)},
  owner = {rpatel},
  timestamp = {2011.07.05}
}

@ARTICLE{Holmberg2009,
  author = {{Holmberg}, J. and {Nordstr{\"o}m}, B. and {Andersen}, J.},
  title = {{The Geneva-Copenhagen survey of the solar neighbourhood. III. Improved
	distances, ages, and kinematics}},
  year = {2009},
  volume = {501},
  month = jul,
  pages = {941-947},
  doi = {10.1051/0004-6361/200811191},
  eprint = {0811.3982},
  adsnote = {Provided by the SAO/NASA Astrophysics Data System},
  adsurl = {http://adsabs.harvard.edu/abs/2009A%26A...501..941H},
  archiveprefix = {arXiv},
  journal = {\aap},
  keywords = {solar neighborhood, Galaxy: disk, Galaxy: stellar, content, Galaxy:
	kinematics and dynamics, Galaxy: evolution, stars: fundamental parameters},
  owner = {anakha272},
  timestamp = {2015.01.16}
}

@ARTICLE{Houck2004,
  author = {{Houck}, J.~R. and {Roellig}, T.~L. and {van Cleve}, J. and {Forrest},
	W.~J. and {Herter}, T. and {Lawrence}, C.~R. and {Matthews}, K. and
	{Reitsema}, H.~J. and {Soifer}, B.~T. and {Watson}, D.~M. and {Weedman},
	D. and {Huisjen}, M. and {Troeltzsch}, J. and {Barry}, D.~J. and
	{Bernard-Salas}, J. and {Blacken}, C.~E. and {Brandl}, B.~R. and
	{Charmandaris}, V. and {Devost}, D. and {Gull}, G.~E. and {Hall},
	P. and {Henderson}, C.~P. and {Higdon}, S.~J.~U. and {Pirger}, B.~E.
	and {Schoenwald}, J. and {Sloan}, G.~C. and {Uchida}, K.~I. and {Appleton},
	P.~N. and {Armus}, L. and {Burgdorf}, M.~J. and {Fajardo-Acosta},
	S.~B. and {Grillmair}, C.~J. and {Ingalls}, J.~G. and {Morris}, P.~W.
	and {Teplitz}, H.~I.},
  title = {{The Infrared Spectrograph (IRS) on the Spitzer Space Telescope}},
  year = {2004},
  volume = {154},
  month = sep,
  pages = {18-24},
  doi = {10.1086/423134},
  eprint = {arXiv:astro-ph/0406167},
  adsnote = {Provided by the SAO/NASA Astrophysics Data System},
  adsurl = {http://adsabs.harvard.edu/abs/2004ApJS..154...18H},
  journal = {\apjs},
  keywords = {Infrared: General, Instrumentation: Spectrographs, Space Vehicles:
	Instruments},
  owner = {Ellesar272},
  timestamp = {2013.01.13}
}

@ARTICLE{Hubickyj2005,
  author = {{Hubickyj}, O. and {Bodenheimer}, P. and {Lissauer}, J.~J.},
  title = {{Accretion of the gaseous envelope of Jupiter around a 5 10 Earth-mass
	core}},
  year = {2005},
  volume = {179},
  month = dec,
  pages = {415-431},
  doi = {10.1016/j.icarus.2005.06.021},
  adsnote = {Provided by the SAO/NASA Astrophysics Data System},
  adsurl = {http://adsabs.harvard.edu/abs/2005Icar..179..415H},
  journal = {\icarus},
  owner = {rpatel},
  timestamp = {2013.03.15}
}

@ARTICLE{Hughes2011,
  author = {{Hughes}, A.~M. and {Wilner}, D.~J. and {Andrews}, S.~M. and {Williams},
	J.~P. and {Su}, K.~Y.~L. and {Murray-Clay}, R.~A. and {Qi}, C.},
  title = {{Resolved Submillimeter Observations of the HR 8799 and HD 107146
	Debris Disks}},
  year = {2011},
  month = jul,
  eprint = {1107.3153},
  adsnote = {Provided by the SAO/NASA Astrophysics Data System},
  adsurl = {http://adsabs.harvard.edu/abs/2011arXiv1107.3153H},
  archiveprefix = {arXiv},
  journal = {ArXiv e-prints},
  keywords = {Astrophysics - Earth and Planetary Astrophysics, Astrophysics - Solar
	and Stellar Astrophysics},
  primaryclass = {astro-ph.EP}
}

@ARTICLE{Hunter2007,
  author = {Hunter, J. D.},
  title = {Matplotlib: A 2D graphics environment},
  year = {2007},
  volume = {9},
  number = {3},
  pages = {90--95},
  abstract = {Matplotlib is a 2D graphics package used for Python for application
	development, interactive scripting, and publication-quality image
	generation across user interfaces and operating systems.},
  journal = {Computing In Science \& Engineering},
  owner = {anakha272},
  publisher = {IEEE COMPUTER SOC},
  timestamp = {2013.12.25}
}

@ARTICLE{Ibukiyama2002,
  author = {{Ibukiyama}, A. and {Arimoto}, N.},
  title = {{HIPPARCOS age-metallicity relation of the solar neighbourhood disc
	stars}},
  year = {2002},
  volume = {394},
  month = nov,
  pages = {927-941},
  doi = {10.1051/0004-6361:20021157},
  eprint = {arXiv:astro-ph/0207108},
  adsnote = {Provided by the SAO/NASA Astrophysics Data System},
  adsurl = {http://cdsads.u-strasbg.fr/abs/2002A%26A...394..927I},
  journal = {\aap},
  keywords = {stars: abundances, stars: distances, Galaxy: abundances, Galaxy: evolution,
	Galaxy: solar neighbourhood, Galaxy: kinematics and dynamics}
}

@ARTICLE{Jarrett2011,
  author = {{Jarrett}, T.~H. and {Cohen}, M. and {Masci}, F. and {Wright}, E.
	and {Stern}, D. and {Benford}, D. and {Blain}, A. and {Carey}, S.
	and {Cutri}, R.~M. and {Eisenhardt}, P. and {Lonsdale}, C. and {Mainzer},
	A. and {Marsh}, K. and {Padgett}, D. and {Petty}, S. and {Ressler},
	M. and {Skrutskie}, M. and {Stanford}, S. and {Surace}, J. and {Tsai},
	C.~W. and {Wheelock}, S. and {Yan}, D.~L.},
  title = {{The Spitzer-WISE Survey of the Ecliptic Poles}},
  year = {2011},
  volume = {735},
  eid = {112},
  month = jul,
  pages = {112},
  doi = {10.1088/0004-637X/735/2/112},
  adsnote = {Provided by the SAO/NASA Astrophysics Data System},
  adsurl = {http://adsabs.harvard.edu/abs/2011ApJ...735..112J},
  journal = {\apj},
  keywords = {catalogs, galaxies: photometry, galaxies: statistics, stars: statistics,
	surveys},
  owner = {rpatel},
  timestamp = {2012.06.26}
}

@ARTICLE{Johnson1953,
  author = {{Johnson}, H.~L. and {Morgan}, W.~W.},
  title = {{Fundamental stellar photometry for standards of spectral type on
	the revised system of the Yerkes spectral atlas}},
  year = {1953},
  volume = {117},
  month = may,
  pages = {313},
  doi = {10.1086/145697},
  adsnote = {Provided by the SAO/NASA Astrophysics Data System},
  adsurl = {http://adsabs.harvard.edu/abs/1953ApJ...117..313J},
  journal = {\apj},
  owner = {Anakha},
  timestamp = {2012.11.23}
}

@ARTICLE{Jura2004,
  author = {{Jura}, M. and {Chen}, C.~H. and {Furlan}, E. and {Green}, J. and
	{Sargent}, B. and {Forrest}, W.~J. and {Watson}, D.~M. and {Barry},
	D.~J. and {Hall}, P. and {Herter}, T.~L. and {Houck}, J.~R. and {Sloan},
	G.~C. and {Uchida}, K. and {D'Alessio}, P. and {Brandl}, B.~R. and
	{Keller}, L.~D. and {Kemper}, F. and {Morris}, P. and {Najita}, J.
	and {Calvet}, N. and {Hartmann}, L. and {Myers}, P.~C.},
  title = {{Mid-Infrared Spectra of Dust Debris around Main-Sequence Stars}},
  year = {2004},
  volume = {154},
  month = sep,
  pages = {453-457},
  doi = {10.1086/422975},
  eprint = {arXiv:astro-ph/0405632},
  adsnote = {Provided by the SAO/NASA Astrophysics Data System},
  adsurl = {http://adsabs.harvard.edu/abs/2004ApJS..154..453J},
  journal = {\apjs},
  keywords = {Stars: Circumstellar Matter, Infrared: Stars}
}

@ARTICLE{Kospal2009,
  author = {{K{\'o}sp{\'a}l}, {\'A}. and {Ardila}, D.~R. and {Mo{\'o}r}, A. and
	{{\'A}brah{\'a}m}, P.},
  title = {{On the Relationship Between Debris Disks and Planets}},
  year = {2009},
  volume = {700},
  month = aug,
  pages = {L73-L77},
  doi = {10.1088/0004-637X/700/2/L73},
  eprint = {0907.0028},
  adsnote = {Provided by the SAO/NASA Astrophysics Data System},
  adsurl = {http://adsabs.harvard.edu/abs/2009ApJ...700L..73K},
  archiveprefix = {arXiv},
  journal = {\apjl},
  keywords = {circumstellar matter, infrared: stars, Kuiper Belt, planetary systems},
  owner = {Ellesar272},
  primaryclass = {astro-ph.SR},
  timestamp = {2013.01.14}
}

@ARTICLE{Kalas2005,
  author = {{Kalas}, P.},
  title = {{First Optical Images of Circumstellar Dust Surrounding the Debris
	Disk Candidate HD 32297}},
  year = {2005},
  volume = {635},
  month = dec,
  pages = {L169-L172},
  doi = {10.1086/499400},
  eprint = {arXiv:astro-ph/0511244},
  adsnote = {Provided by the SAO/NASA Astrophysics Data System},
  adsurl = {http://adsabs.harvard.edu/abs/2005ApJ...635L.169K},
  journal = {\apjl},
  keywords = {Stars: Circumstellar Matter, stars: individual (HD 32297)},
  owner = {rpatel},
  timestamp = {2011.09.13}
}

@ARTICLE{Kalas2007a,
  author = {{Kalas}, P. and {Duchene}, G. and {Fitzgerald}, M.~P. and {Graham},
	J.~R.},
  title = {{Discovery of an Extended Debris Disk around the F2 V Star HD 15745}},
  year = {2007},
  volume = {671},
  month = dec,
  pages = {L161-L164},
  doi = {10.1086/525252},
  eprint = {0712.0378},
  adsnote = {Provided by the SAO/NASA Astrophysics Data System},
  adsurl = {http://adsabs.harvard.edu/abs/2007ApJ...671L.161K},
  archiveprefix = {arXiv},
  journal = {\apjl},
  keywords = {Stars: Circumstellar Matter, stars: individual (HD 15745)}
}

@ARTICLE{Kalas2007,
  author = {{Kalas}, P. and {Fitzgerald}, M.~P. and {Graham}, J.~R.},
  title = {{Discovery of Extreme Asymmetry in the Debris Disk Surrounding HD
	15115}},
  year = {2007},
  volume = {661},
  month = may,
  pages = {L85-L88},
  doi = {10.1086/518652},
  eprint = {0704.0645},
  adsnote = {Provided by the SAO/NASA Astrophysics Data System},
  adsurl = {http://adsabs.harvard.edu/abs/2007ApJ...661L..85K},
  archiveprefix = {arXiv},
  journal = {\apjl},
  keywords = {Stars: Circumstellar Matter, stars: individual (HD 15115)}
}

@ARTICLE{Kalas2008,
  author = {{Kalas}, P. and {Graham}, J.~R. and {Chiang}, E. and {Fitzgerald},
	M.~P. and {Clampin}, M. and {Kite}, E.~S. and {Stapelfeldt}, K. and
	{Marois}, C. and {Krist}, J.},
  title = {{Optical Images of an Exosolar Planet 25 Light-Years from Earth}},
  year = {2008},
  volume = {322},
  month = nov,
  pages = {1345-},
  doi = {10.1126/science.1166609},
  eprint = {0811.1994},
  adsnote = {Provided by the SAO/NASA Astrophysics Data System},
  adsurl = {http://adsabs.harvard.edu/abs/2008Sci...322.1345K},
  archiveprefix = {arXiv},
  journal = {Science},
  owner = {rpatel},
  timestamp = {2012.01.11}
}

@ARTICLE{Kennedy2013,
  author = {{Kennedy}, G.~M. and {Wyatt}, M.~C.},
  title = {{The bright end of the exo-Zodi luminosity function: disc evolution
	and implications for exo-Earth detectability}},
  year = {2013},
  volume = {433},
  month = aug,
  pages = {2334-2356},
  doi = {10.1093/mnras/stt900},
  adsnote = {Provided by the SAO/NASA Astrophysics Data System},
  adsurl = {http://adsabs.harvard.edu/abs/2013MNRAS.433.2334K},
  journal = {\mnras},
  keywords = {circumstellar matter, stars: individual: HD 19257, stars: individual:
	HD 23586, stars: individual: HD 94893, stars: individual: HD 154593,
	stars: individual: HD 194931},
  owner = {anakha272},
  timestamp = {2014.11.23}
}

@ARTICLE{Kennedy2012a,
  author = {{Kennedy}, G.~M. and {Wyatt}, M.~C.},
  title = {{Confusion limited surveys: using WISE to quantify the rarity of
	warm dust around Kepler stars}},
  year = {2012},
  volume = {426},
  month = oct,
  pages = {91-107},
  doi = {10.1111/j.1365-2966.2012.21621.x},
  eprint = {1207.0521},
  adsnote = {Provided by the SAO/NASA Astrophysics Data System},
  adsurl = {http://adsabs.harvard.edu/abs/2012MNRAS.426...91K},
  archiveprefix = {arXiv},
  journal = {\mnras},
  keywords = {planets and satellites: formation, circumstellar matter, stars: individual:
	HIP 13642, stars: individual: KIC 7345479, planetary systems },
  owner = {rpatel},
  primaryclass = {astro-ph.EP},
  timestamp = {2013.10.21}
}

@ARTICLE{Kennedy2012,
  author = {{Kennedy}, G.~M. and {Wyatt}, M.~C. and {Sibthorpe}, B. and {Duch{\^e}ne},
	G. and {Kalas}, P. and {Matthews}, B.~C. and {Greaves}, J.~S. and
	{Su}, K.~Y.~L. and {Fitzgerald}, M.~P.},
  title = {{99 Herculis: host to a circumbinary polar-ring debris disc}},
  year = {2012},
  month = feb,
  pages = {2384},
  doi = {10.1111/j.1365-2966.2012.20448.x},
  eprint = {1201.1911},
  adsnote = {Provided by the SAO/NASA Astrophysics Data System},
  adsurl = {http://adsabs.harvard.edu/abs/2012MNRAS.tmp.2384K},
  archiveprefix = {arXiv},
  journal = {\mnras},
  keywords = {circumstellar matter, stars: individual: 99 Herculis},
  owner = {rpatel},
  primaryclass = {astro-ph.EP},
  timestamp = {2012.02.24}
}

@ARTICLE{Kenyon1995,
  author = {{Kenyon}, S.~J. and {Hartmann}, L.},
  title = {{Pre-Main-Sequence Evolution in the Taurus-Auriga Molecular Cloud}},
  year = {1995},
  volume = {101},
  month = nov,
  pages = {117-+},
  doi = {10.1086/192235},
  adsnote = {Provided by the Smithsonian/NASA Astrophysics Data System},
  adsurl = {http://adsabs.harvard.edu/cgi-bin/nph-bib_query?bibcode=1995ApJS..101..117K&db_key=AST},
  journal = {\apjs}
}

@ARTICLE{Kim2009,
  author = {{Kim}, K.~H. and {Watson}, D.~M. and {Manoj}, P. and {Furlan}, E.
	and {Najita}, J. and {Forrest}, W.~J. and {Sargent}, B. and {Espaillat},
	C. and {Calvet}, N. and {Luhman}, K.~L. and {McClure}, M.~K. and
	{Green}, J.~D. and {Harrold}, S.~T.},
  title = {{Mid-Infrared Spectra of Transitional Disks in the Chamaeleon I Cloud}},
  year = {2009},
  volume = {700},
  month = aug,
  pages = {1017-1025},
  doi = {10.1088/0004-637X/700/2/1017},
  adsnote = {Provided by the SAO/NASA Astrophysics Data System},
  adsurl = {http://adsabs.harvard.edu/abs/2009ApJ...700.1017K},
  journal = {\apj},
  keywords = {infrared: stars, planetary systems: protoplanetary disks, stars: pre-main
	sequence}
}

@ARTICLE{Koen2010,
  author = {{Koen}, C. and {Kilkenny}, D. and {van Wyk}, F. and {Marang}, F.
	},
  title = {{UBV(RI)$_{C}$ JHK observations of Hipparcos-selected nearby stars}},
  year = {2010},
  volume = {403},
  month = apr,
  pages = {1949-1968},
  doi = {10.1111/j.1365-2966.2009.16182.x},
  adsnote = {Provided by the SAO/NASA Astrophysics Data System},
  adsurl = {http://adsabs.harvard.edu/abs/2010MNRAS.403.1949K},
  journal = {\mnras},
  keywords = {stars: distances, stars: fundamental parameters}
}

@ARTICLE{Koerner2010,
  author = {{Koerner}, D.~W. and {Kim}, S. and {Trilling}, D.~E. and {Larson},
	H. and {Cotera}, A. and {Stapelfeldt}, K.~R. and {Wahhaj}, Z. and
	{Fajardo-Acosta}, S. and {Padgett}, D. and {Backman}, D.},
  title = {{New Debris Disk Candidates Around 49 Nearby Stars}},
  year = {2010},
  volume = {710},
  month = feb,
  pages = {L26-L29},
  doi = {10.1088/2041-8205/710/1/L26},
  adsnote = {Provided by the SAO/NASA Astrophysics Data System},
  adsurl = {http://adsabs.harvard.edu/abs/2010ApJ...710L..26K},
  journal = {\apjl},
  keywords = {circumstellar matter, infrared: stars, protoplanetary disks, solar
	neighborhood}
}

@ARTICLE{Koornneef1986,
  author = {{Koornneef}, J. and {Bohlin}, R. and {Buser}, R. and {Horne}, K.
	and {Turnshek}, D.},
  title = {{Synthetic photometry and the calibration of the Hubble Space Telescope}},
  year = {1986},
  volume = {7},
  pages = {833-843},
  adsnote = {Provided by the SAO/NASA Astrophysics Data System},
  adsurl = {http://adsabs.harvard.edu/abs/1986HiA.....7..833K},
  journal = {Highlights of Astronomy},
  keywords = {ASTRONOMICAL PHOTOMETRY, CALIBRATING, HUBBLE SPACE TELESCOPE, BANDPASS
	FILTERS, REFERENCE STARS, STELLAR MAGNITUDE, UBV SPECTRA},
  owner = {rpatel},
  timestamp = {2012.07.01}
}

@ARTICLE{Krist2012,
  author = {{Krist}, J.~E. and {Stapelfeldt}, K.~R. and {Bryden}, G. and {Plavchan},
	P.},
  title = {{Hubble Space Telescope Observations of the HD 202628 Debris Disk}},
  year = {2012},
  month = jun,
  eprint = {1206.2078},
  adsnote = {Provided by the SAO/NASA Astrophysics Data System},
  adsurl = {http://adsabs.harvard.edu/abs/2012arXiv1206.2078K},
  archiveprefix = {arXiv},
  journal = {ArXiv e-prints},
  keywords = {Astrophysics - Solar and Stellar Astrophysics},
  owner = {rpatel},
  primaryclass = {astro-ph.SR},
  timestamp = {2012.06.19}
}

@ARTICLE{Krist2010,
  author = {{Krist}, J.~E. and {Stapelfeldt}, K.~R. and {Bryden}, G. and {Rieke},
	G.~H. and {Su}, K.~Y.~L. and {Chen}, C.~C. and {Beichman}, C.~A.
	and {Hines}, D.~C. and {Rebull}, L.~M. and {Tanner}, A. and {Trilling},
	D.~E. and {Clampin}, M. and {G{\'a}sp{\'a}r}, A.},
  title = {{HST and Spitzer Observations of the HD 207129 Debris Ring}},
  year = {2010},
  volume = {140},
  month = oct,
  pages = {1051-1061},
  doi = {10.1088/0004-6256/140/4/1051},
  eprint = {1008.2793},
  adsnote = {Provided by the SAO/NASA Astrophysics Data System},
  adsurl = {http://adsabs.harvard.edu/abs/2010AJ....140.1051K},
  archiveprefix = {arXiv},
  journal = {\aj},
  keywords = {circumstellar matter, stars: individual: HD 207129 HD 10472 HD 21997
	HD 38206 HD 82943 HD 113556 HD 138965 HD 211415},
  primaryclass = {astro-ph.SR}
}

@ARTICLE{Krist2000,
  author = {{Krist}, J.~E. and {Stapelfeldt}, K.~R. and {M{\' e}nard}, F. and
	{Padgett}, D.~L. and {Burrows}, C.~J.},
  title = {{WFPC2 Images of a Face-on Disk Surrounding TW Hydrae}},
  year = {2000},
  volume = {538},
  month = aug,
  pages = {793-800},
  adsnote = {Provided by the NASA Astrophysics Data System},
  adsurl = {http://adsabs.harvard.edu/cgi-bin/nph-bib_query?bibcode=2000ApJ...538..793K&amp;db_key=AST},
  journal = {\apj}
}

@ARTICLE{Krivov2011,
  author = {{Krivov}, A.~V. and {Reidemeister}, M. and {Fiedler}, S. and {L{\"o}hne},
	T. and {Neuh{\"a}user}, R.},
  title = {{Debris disc candidates in systems with transiting planets}},
  year = {2011},
  volume = {418},
  month = nov,
  pages = {L15-L19},
  doi = {10.1111/j.1745-3933.2011.01133.x},
  eprint = {1108.3324},
  adsnote = {Provided by the SAO/NASA Astrophysics Data System},
  adsurl = {http://adsabs.harvard.edu/abs/2011MNRAS.418L..15K},
  archiveprefix = {arXiv},
  journal = {\mnras},
  keywords = {circumstellar matter, stars: individual: XO-5, stars: individual:
	HAT-P-5, stars: individual: TrES-2 parent star, stars: individual:
	CoRoT-8, planetary systems},
  primaryclass = {astro-ph.EP}
}

@ARTICLE{Kroupa2001,
  author = {{Kroupa}, P.},
  title = {{On the variation of the initial mass function}},
  year = {2001},
  volume = {322},
  month = apr,
  pages = {231-246},
  doi = {10.1046/j.1365-8711.2001.04022.x},
  eprint = {arXiv:astro-ph/0009005},
  adsnote = {Provided by the SAO/NASA Astrophysics Data System},
  adsurl = {http://adsabs.harvard.edu/abs/2001MNRAS.322..231K},
  journal = {\mnras},
  keywords = {BINARIES: GENERAL, STARS: FORMATION, STARS: KINEMATICS, STARS: LUMINOSITY
	FUNCTION, MASS FUNCTION, GLOBULAR CLUSTERS: GENERAL, OPEN CLUSTERS
	AND ASSOCIATIONS: GENERAL},
  owner = {rpatel},
  timestamp = {2012.02.29}
}

@ARTICLE{Kuchner2010,
  author = {{Kuchner}, M.~J. and {Stark}, C.~C.},
  title = {{Collisional Grooming Models of the Kuiper Belt Dust Cloud}},
  year = {2010},
  volume = {140},
  month = oct,
  pages = {1007-1019},
  doi = {10.1088/0004-6256/140/4/1007},
  eprint = {1008.0904},
  adsnote = {Provided by the SAO/NASA Astrophysics Data System},
  adsurl = {http://adsabs.harvard.edu/abs/2010AJ....140.1007K},
  archiveprefix = {arXiv},
  journal = {\aj},
  keywords = {celestial mechanics, circumstellar matter, infrared: stars, interplanetary
	medium, Kuiper Belt: general, planetary systems, stars: imaging},
  owner = {rpatel},
  primaryclass = {astro-ph.EP},
  timestamp = {2013.01.02}
}

@ARTICLE{Kurucz1993,
  author = {{Kurucz}, R.~L.},
  title = {{Model Atmospheres (Kurucz, 1979)}},
  year = {1993},
  volume = {6039},
  month = oct,
  pages = {0},
  adsnote = {Provided by the SAO/NASA Astrophysics Data System},
  adsurl = {http://adsabs.harvard.edu/abs/1993yCat.6039....0K},
  journal = {VizieR Online Data Catalog},
  keywords = {Models: atmosphere},
  owner = {rpatel},
  timestamp = {2012.09.14}
}

@ARTICLE{Lallement2003,
  author = {{Lallement}, R. and {Welsh}, B.~Y. and {Vergely}, J.~L. and {Crifo},
	F. and {Sfeir}, D.},
  title = {{3D mapping of the dense interstellar gas around the Local Bubble}},
  year = {2003},
  volume = {411},
  month = dec,
  pages = {447-464},
  doi = {10.1051/0004-6361:20031214},
  adsnote = {Provided by the SAO/NASA Astrophysics Data System},
  adsurl = {http://adsabs.harvard.edu/abs/2003A%26A...411..447L},
  journal = {\aap},
  keywords = {Galaxy: solar neighborhood, ISM: atoms, ISM: clouds},
  owner = {rpatel},
  timestamp = {2012.07.16}
}

@ARTICLE{Landgraf2002,
  author = {{Landgraf}, M. and {Liou}, J.-C. and {Zook}, H.~A. and {Gr{\"u}n},
	E. },
  title = {{Origins of Solar System Dust beyond Jupiter}},
  year = {2002},
  volume = {123},
  month = may,
  pages = {2857-2861},
  doi = {10.1086/339704},
  eprint = {arXiv:astro-ph/0201291},
  adsnote = {Provided by the SAO/NASA Astrophysics Data System},
  adsurl = {http://adsabs.harvard.edu/abs/2002AJ....123.2857L},
  journal = {\aj},
  keywords = {comets: individual (1P/Halley, 29P/Schwassmann-Wachmann 1), Kuiper
	Belt, Solar System: General},
  owner = {rpatel},
  timestamp = {2013.01.02}
}

@ARTICLE{Lang2014,
  author = {{Lang}, D.},
  title = {{unWISE: Unblurred Coadds of the WISE Imaging}},
  year = {2014},
  volume = {147},
  eid = {108},
  month = may,
  pages = {108},
  doi = {10.1088/0004-6256/147/5/108},
  eprint = {1405.0308},
  adsnote = {Provided by the SAO/NASA Astrophysics Data System},
  adsurl = {http://adsabs.harvard.edu/abs/2014AJ....147..108L},
  archiveprefix = {arXiv},
  journal = {\aj},
  keywords = {methods: data analysis, surveys, techniques: image processing},
  owner = {rpatel},
  primaryclass = {astro-ph.IM},
  timestamp = {2015.07.08}
}

@ARTICLE{Lawler2009,
  author = {{Lawler}, S.~M. and {Beichman}, C.~A. and {Bryden}, G. and {Ciardi},
	D.~R. and {Tanner}, A.~M. and {Su}, K.~Y.~L. and {Stapelfeldt}, K.~R.
	and {Lisse}, C.~M. and {Harker}, D.~E.},
  title = {{Explorations Beyond the Snow Line: Spitzer/IRS Spectra of Debris
	Disks Around Solar-type Stars}},
  year = {2009},
  volume = {705},
  month = nov,
  pages = {89-111},
  doi = {10.1088/0004-637X/705/1/89},
  eprint = {0909.0058},
  adsnote = {Provided by the SAO/NASA Astrophysics Data System},
  adsurl = {http://adsabs.harvard.edu/abs/2009ApJ...705...89L},
  archiveprefix = {arXiv},
  journal = {\apj},
  keywords = {infrared: stars, circumstellar matter, planetary systems, Kuiper Belt},
  primaryclass = {astro-ph.SR}
}

@ARTICLE{Lawler2012,
  author = {{Lawler}, S.~M. and {Gladman}, B.},
  title = {{Debris Disks in Kepler Exoplanet Systems}},
  year = {2012},
  volume = {752},
  eid = {53},
  month = jun,
  pages = {53},
  doi = {10.1088/0004-637X/752/1/53},
  eprint = {1112.0368},
  adsnote = {Provided by the SAO/NASA Astrophysics Data System},
  adsurl = {http://adsabs.harvard.edu/abs/2012ApJ...752...53L},
  archiveprefix = {arXiv},
  journal = {\apj},
  keywords = {circumstellar matter, infrared: stars, planetary systems},
  primaryclass = {astro-ph.EP}
}

@ARTICLE{Liou1999,
  author = {{Liou}, J.-C. and {Zook}, H.~A.},
  title = {{Signatures of the Giant Planets Imprinted on the Edgeworth-Kuiper
	Belt Dust Disk}},
  year = {1999},
  volume = {118},
  month = jul,
  pages = {580-590},
  doi = {10.1086/300938},
  adsnote = {Provided by the SAO/NASA Astrophysics Data System},
  adsurl = {http://adsabs.harvard.edu/abs/1999AJ....118..580L},
  journal = {\aj},
  keywords = {STARS: CIRCUMSTELLAR MATTER, INTERPLANETARY MEDIUM, KUIPER BELT, OORT
	CLOUD, STARS: PLANETARY SYSTEMS},
  owner = {rpatel},
  timestamp = {2013.01.02}
}

@ARTICLE{Lisse2008,
  author = {{Lisse}, C.~M. and {Chen}, C.~H. and {Wyatt}, M.~C. and {Morlok},
	A. },
  title = {{Circumstellar Dust Created by Terrestrial Planet Formation in HD
	113766}},
  year = {2008},
  volume = {673},
  month = feb,
  pages = {1106-1122},
  doi = {10.1086/523626},
  eprint = {0710.0839},
  adsnote = {Provided by the SAO/NASA Astrophysics Data System},
  adsurl = {http://adsabs.harvard.edu/abs/2008ApJ...673.1106L},
  archiveprefix = {arXiv},
  journal = {\apj},
  keywords = {Infrared: Stars, Stars: Planetary Systems: Formation, Stars: Planetary
	Systems: Protoplanetary Disks, Radiation Mechanisms: Thermal, Techniques:
	Spectroscopic}
}

@ARTICLE{Low2005,
  author = {{Low}, F.~J. and {Smith}, P.~S. and {Werner}, M. and {Chen}, C. and
	{Krause}, V. and {Jura}, M. and {Hines}, D.~C.},
  title = {{Exploring Terrestrial Planet Formation in the TW Hydrae Association}},
  year = {2005},
  volume = {631},
  month = oct,
  pages = {1170-1179},
  doi = {10.1086/432640},
  eprint = {arXiv:astro-ph/0506291},
  adsnote = {Provided by the SAO/NASA Astrophysics Data System},
  adsurl = {http://adsabs.harvard.edu/abs/2005ApJ...631.1170L},
  journal = {\apj},
  keywords = {Stars: Circumstellar Matter- Infrared: Stars, Stars: Planetary Systems:
	Formation}
}

@ARTICLE{Luhman2012,
  author = {{Luhman}, K.~L. and {Mamajek}, E.~E.},
  title = {{The Disk Population of the Upper Scorpius Association}},
  year = {2012},
  volume = {758},
  eid = {31},
  month = oct,
  pages = {31},
  doi = {10.1088/0004-637X/758/1/31},
  eprint = {1209.5433},
  adsnote = {Provided by the SAO/NASA Astrophysics Data System},
  adsurl = {http://adsabs.harvard.edu/abs/2012ApJ...758...31L},
  archiveprefix = {arXiv},
  journal = {\apj},
  keywords = {accretion, accretion disks, brown dwarfs, protoplanetary disks, stars:
	formation, stars: low-mass, stars: pre-main sequence},
  primaryclass = {astro-ph.GA}
}

@ARTICLE{Lyra2012,
  author = {{Lyra}, W. and {Kuchner}, M.~J.},
  title = {{Sharp eccentric rings in planetless hydrodynamical models of debris
	disks}},
  year = {2012},
  month = apr,
  eprint = {1204.6322},
  adsnote = {Provided by the SAO/NASA Astrophysics Data System},
  adsurl = {http://adsabs.harvard.edu/abs/2012arXiv1204.6322L},
  archiveprefix = {arXiv},
  journal = {ArXiv e-prints},
  keywords = {Astrophysics - Earth and Planetary Astrophysics},
  owner = {rpatel},
  primaryclass = {astro-ph.EP},
  timestamp = {2012.08.28}
}

@INPROCEEDINGS{Macintosh2006,
  author = {{Macintosh}, B. and {Graham}, J. and {Palmer}, D. and {Doyon}, R.
	and {Gavel}, D. and {Larkin}, J. and {Oppenheimer}, B. and {Saddlemyer},
	L. and {Wallace}, J.~K. and {Bauman}, B. and {Evans}, J. and {Erikson},
	D. and {Morzinski}, K. and {Phillion}, D. and {Poyneer}, L. and {Sivaramakrishnan},
	A. and {Soummer}, R. and {Thibault}, S. and {Veran}, J.-P.},
  title = {{The Gemini Planet Imager}},
  booktitle = {Society of Photo-Optical Instrumentation Engineers (SPIE) Conference
	Series},
  year = {2006},
  volume = {6272},
  series = {Society of Photo-Optical Instrumentation Engineers (SPIE) Conference
	Series},
  month = jul,
  doi = {10.1117/12.672430},
  adsnote = {Provided by the SAO/NASA Astrophysics Data System},
  adsurl = {http://adsabs.harvard.edu/abs/2006SPIE.6272E..18M},
  owner = {Ellesar272},
  timestamp = {2012.09.16}
}

@ARTICLE{Mamajek2013,
  author = {{Mamajek}, E.~E.},
  title = {{A Modern Mean Stellar Color and Effective Temperature Sequence for
	O9V-Y0V Dwarf Stars}},
  year = {2013},
  month = jan,
  journal = {private communication, http://www.pas.rochester.edu/\textasciitilde
	emamajek/EEM\_dwarf\_UBVIJHK\_colors\_Teff.dat}
}

@ARTICLE{Mamajek2008,
  author = {{Mamajek}, E.~E. and {Hillenbrand}, L.~A.},
  title = {{Improved Age Estimation for Solar-Type Dwarfs Using Activity-Rotation
	Diagnostics}},
  year = {2008},
  volume = {687},
  month = nov,
  pages = {1264-1293},
  doi = {10.1086/591785},
  eprint = {0807.1686},
  adsnote = {Provided by the SAO/NASA Astrophysics Data System},
  adsurl = {http://adsabs.harvard.edu/abs/2008ApJ...687.1264M},
  archiveprefix = {arXiv},
  journal = {\apj},
  keywords = {Stars: Activity, Stars: Chromospheres, Stars: Coronae, Stars: Fundamental
	Parameters, Stars: Rotation, X-Rays: Stars},
  owner = {rpatel},
  timestamp = {2012.09.24}
}

@ARTICLE{Mamajek2002,
  author = {{Mamajek}, E.~E. and {Meyer}, M.~R. and {Liebert}, J.},
  title = {{Post-T Tauri Stars in the Nearest OB Association}},
  year = {2002},
  volume = {124},
  month = sep,
  pages = {1670-1694},
  doi = {10.1086/341952},
  eprint = {astro-ph/0205417},
  adsnote = {Provided by the SAO/NASA Astrophysics Data System},
  adsurl = {http://adsabs.harvard.edu/abs/2002AJ....124.1670M},
  journal = {\aj},
  keywords = {Galaxy: Open Clusters and Associations: Individual: Name: Scorpius
	OB2, open clusters and associations: individual (Lower Centaurus-Crux,
	Upper Centaurus-Lupus), Stars: Activity, Stars: Formation, Stars:
	Kinematics, Stars: Pre-Main-Sequence, X-Rays},
  owner = {anakha272},
  timestamp = {2013.12.24}
}

@ARTICLE{Mannings1998,
  author = {{Mannings}, V. and {Barlow}, M.~J.},
  title = {{Candidate Main-Sequence Stars with Debris Disks: A New Sample of
	Vega-like Sources}},
  year = {1998},
  volume = {497},
  month = apr,
  pages = {330-+},
  doi = {10.1086/305432},
  adsnote = {Provided by the SAO/NASA Astrophysics Data System},
  adsurl = {http://adsabs.harvard.edu/abs/1998ApJ...497..330M},
  journal = {\apj},
  keywords = {INFRARED: STARS, STARS: CIRCUMSTELLAR MATTER}
}

@INPROCEEDINGS{Markwardt2009,
  author = {{Markwardt}, C.~B.},
  editor = {{Bohlender}, D.~A. and {Durand}, D. and {Dowler}, P.},
  title = {{Non-linear Least-squares Fitting in IDL with MPFIT}},
  booktitle = {Astronomical Data Analysis Software and Systems XVIII},
  year = {2009},
  volume = {411},
  series = {Astronomical Society of the Pacific Conference Series},
  month = sep,
  pages = {251},
  eprint = {0902.2850},
  adsnote = {Provided by the SAO/NASA Astrophysics Data System},
  adsurl = {http://adsabs.harvard.edu/abs/2009ASPC..411..251M},
  archiveprefix = {arXiv},
  owner = {rpatel},
  primaryclass = {astro-ph.IM},
  timestamp = {2012.11.06}
}

@ARTICLE{Marley2007,
  author = {{Marley}, M.~S. and {Fortney}, J.~J. and {Hubickyj}, O. and {Bodenheimer},
	P. and {Lissauer}, J.~J.},
  title = {{On the Luminosity of Young Jupiters}},
  year = {2007},
  volume = {655},
  month = jan,
  pages = {541-549},
  doi = {10.1086/509759},
  eprint = {arXiv:astro-ph/0609739},
  adsnote = {Provided by the SAO/NASA Astrophysics Data System},
  adsurl = {http://adsabs.harvard.edu/abs/2007ApJ...655..541M},
  journal = {\apj},
  keywords = {Stars: Planetary Systems: Formation, Planets and Satellites: Formation},
  owner = {rpatel},
  timestamp = {2013.03.12}
}

@ARTICLE{Marois2010,
  author = {{Marois}, C. and {Zuckerman}, B. and {Konopacky}, Q.~M. and {Macintosh},
	B. and {Barman}, T.},
  title = {{Images of a fourth planet orbiting HR 8799}},
  year = {2010},
  volume = {468},
  month = dec,
  pages = {1080-1083},
  doi = {10.1038/nature09684},
  eprint = {1011.4918},
  adsnote = {Provided by the SAO/NASA Astrophysics Data System},
  adsurl = {http://adsabs.harvard.edu/abs/2010Natur.468.1080M},
  archiveprefix = {arXiv},
  journal = {\nat},
  owner = {rpatel},
  primaryclass = {astro-ph.EP},
  timestamp = {2012.04.26}
}

@ARTICLE{Martin2013,
  author = {{Martin}, R.~G. and {Livio}, M.},
  title = {{On the formation and evolution of asteroid belts and their potential
	significance for life}},
  year = {2013},
  volume = {428},
  month = jan,
  pages = {L11-L15},
  doi = {10.1093/mnrasl/sls003},
  eprint = {1211.0023},
  adsnote = {Provided by the SAO/NASA Astrophysics Data System},
  adsurl = {http://adsabs.harvard.edu/abs/2013MNRAS.428L..11M},
  archiveprefix = {arXiv},
  journal = {\mnras},
  keywords = {minor planets, asteroids: general, planets and satellites: formation,
	protoplanetary discs},
  owner = {Ellesar272},
  primaryclass = {astro-ph.EP},
  timestamp = {2013.01.01}
}

@ARTICLE{Mason2013,
  author = {{Mason}, B.~D. and {Wycoff}, G.~L. and {Hartkopf}, W.~I. and {Douglass},
	G.~G. and {Worley}, C.~E.},
  title = {{The Washington Visual Double Star Catalog (Mason+ 2001-2013)}},
  year = {2013},
  volume = {1},
  month = feb,
  pages = {2026},
  adsnote = {Provided by the SAO/NASA Astrophysics Data System},
  adsurl = {http://adsabs.harvard.edu/abs/2013yCat....102026M},
  journal = {VizieR Online Data Catalog},
  keywords = {Stars: double and multiple, Positional data},
  owner = {rpatel},
  timestamp = {2013.03.06}
}

@ARTICLE{Matranga2010,
  author = {{Matranga}, M. and {Drake}, J.~J. and {Kashyap}, V.~L. and {Marengo},
	M. and {Kuchner}, M.~J.},
  title = {{Close Binaries with Infrared Excess: Destroyers of Worlds?}},
  year = {2010},
  volume = {720},
  month = sep,
  pages = {L164-L168},
  doi = {10.1088/2041-8205/720/2/L164},
  eprint = {1007.5063},
  adsnote = {Provided by the SAO/NASA Astrophysics Data System},
  adsurl = {http://adsabs.harvard.edu/abs/2010ApJ...720L.164M},
  archiveprefix = {arXiv},
  journal = {\apjl},
  keywords = {binaries: close, circumstellar matter, infrared: stars, stars: individual:
	AR Psc II Peg UX Ari},
  owner = {anakha272},
  primaryclass = {astro-ph.EP},
  timestamp = {2014.01.10}
}

@ARTICLE{Matsumura2013,
  author = {{Matsumura}, S. and {Ida}, S. and {Nagasawa}, M.},
  title = {{Effects of Dynamical Evolution of Giant Planets on Survival of Terrestrial
	Planets}},
  year = {2013},
  volume = {767},
  eid = {129},
  month = apr,
  pages = {129},
  doi = {10.1088/0004-637X/767/2/129},
  eprint = {1209.1320},
  adsnote = {Provided by the SAO/NASA Astrophysics Data System},
  adsurl = {http://adsabs.harvard.edu/abs/2013ApJ...767..129M},
  archiveprefix = {arXiv},
  journal = {\apj},
  keywords = {methods: analytical, methods: numerical, methods: statistical, planetary
	systems, planets and satellites: dynamical evolution and stability,
	planets and satellites: general},
  owner = {rpatel},
  primaryclass = {astro-ph.EP},
  timestamp = {2013.05.13}
}

@ARTICLE{Matthews2007,
  author = {{Matthews}, B.~C. and {Kalas}, P.~G. and {Wyatt}, M.~C.},
  title = {{Mass and Temperature of the TWA 7 Debris Disk}},
  year = {2007},
  volume = {663},
  month = jul,
  pages = {1103-1109},
  doi = {10.1086/518643},
  eprint = {0704.0463},
  adsnote = {Provided by the SAO/NASA Astrophysics Data System},
  adsurl = {http://adsabs.harvard.edu/abs/2007ApJ...663.1103M},
  archiveprefix = {arXiv},
  journal = {\apj},
  keywords = {Stars: Circumstellar Matter, stars: individual (TWA 7), Stars: Pre-Main-Sequence,
	Submillimeter}
}

@ARTICLE{McBride2011,
  author = {{McBride}, J. and {Graham}, J.~R. and {Macintosh}, B. and {Beckwith},
	S.~V.~W. and {Marois}, C. and {Poyneer}, L.~A. and {Wiktorowicz},
	S.~J.},
  title = {{Experimental Design for the Gemini Planet Imager}},
  year = {2011},
  volume = {123},
  month = jun,
  pages = {692-708},
  doi = {10.1086/660733},
  eprint = {1103.6085},
  adsnote = {Provided by the SAO/NASA Astrophysics Data System},
  adsurl = {http://adsabs.harvard.edu/abs/2011PASP..123..692M},
  archiveprefix = {arXiv},
  journal = {\pasp},
  owner = {anakha272},
  primaryclass = {astro-ph.EP},
  timestamp = {2015.01.16}
}

@ARTICLE{McDonald2012,
  author = {{McDonald}, I. and {Zijlstra}, A.~A. and {Boyer}, M.~L.},
  title = {{Fundamental parameters and infrared excesses of Hipparcos stars}},
  year = {2012},
  volume = {427},
  month = nov,
  pages = {343-357},
  doi = {10.1111/j.1365-2966.2012.21873.x},
  eprint = {1208.2037},
  adsnote = {Provided by the SAO/NASA Astrophysics Data System},
  adsurl = {http://cdsads.u-strasbg.fr/abs/2012MNRAS.427..343M},
  archiveprefix = {arXiv},
  journal = {\mnras},
  keywords = {circumstellar matter, stars: fundamental parameters, Hertzsprung-Russell
	and colour-magnitude diagrams, stars: mass-loss, solar neighbourhood,
	infrared: stars},
  owner = {anakha272},
  primaryclass = {astro-ph.SR},
  timestamp = {2014.10.04}
}

@ARTICLE{Melis2012,
  author = {{Melis}, C. and {Zuckerman}, B. and {Rhee}, J.~H. and {Song}, I.
	and {Murphy}, S.~J. and {Bessell}, M.~S.},
  title = {{Rapid disappearance of a warm, dusty circumstellar disk}},
  year = {2012},
  volume = {487},
  month = jul,
  pages = {74-76},
  doi = {10.1038/nature11210},
  eprint = {1207.1162},
  adsnote = {Provided by the SAO/NASA Astrophysics Data System},
  adsurl = {http://adsabs.harvard.edu/abs/2012Natur.487...74M},
  archiveprefix = {arXiv},
  journal = {\nat},
  owner = {rpatel},
  primaryclass = {astro-ph.SR},
  timestamp = {2012.09.16}
}

@ARTICLE{Metchev2004,
  author = {{Metchev}, S.~A. and {Hillenbrand}, L.~A. and {Meyer}, M.~R. },
  title = {{Ten Micron Observations of Nearby Young Stars}},
  year = {2004},
  volume = {600},
  month = jan,
  pages = {435-450},
  doi = {10.1086/379788},
  eprint = {arXiv:astro-ph/0309453},
  adsnote = {Provided by the SAO/NASA Astrophysics Data System},
  adsurl = {http://adsabs.harvard.edu/abs/2004ApJ...600..435M},
  journal = {\apj},
  keywords = {Stars: Circumstellar Matter, ISM: Dust, Extinction, Infrared: Stars,
	Stars: Planetary Systems: Protoplanetary Disks},
  owner = {rpatel},
  timestamp = {2012.02.23}
}

@ARTICLE{Meyer2008,
  author = {{Meyer}, M.~R. and {Carpenter}, J.~M. and {Mamajek}, E.~E. and {Hillenbrand},
	L.~A. and {Hollenbach}, D. and {Moro-Martin}, A. and {Kim}, J.~S.
	and {Silverstone}, M.~D. and {Najita}, J. and {Hines}, D.~C. and
	{Pascucci}, I. and {Stauffer}, J.~R. and {Bouwman}, J. and {Backman},
	D.~E. },
  title = {{Evolution of Mid-Infrared Excess around Sun-like Stars: Constraints
	on Models of Terrestrial Planet Formation}},
  year = {2008},
  volume = {673},
  month = feb,
  pages = {L181-L184},
  doi = {10.1086/527470},
  eprint = {0712.1057},
  adsnote = {Provided by the SAO/NASA Astrophysics Data System},
  adsurl = {http://adsabs.harvard.edu/abs/2008ApJ...673L.181M},
  archiveprefix = {arXiv},
  journal = {\apjl},
  keywords = {Stars: Circumstellar Matter, Infrared: Stars, Stars: Planetary Systems:
	Formation}
}

@ARTICLE{Mignard1982,
  author = {Francois Mignard},
  title = {Radiation pressure and dust particle dynamics},
  year = {1982},
  volume = {49},
  number = {3},
  pages = {347 - 366},
  issn = {0019-1035},
  doi = {10.1016/0019-1035(82)90041-0},
  url = {http://www.sciencedirect.com/science/article/pii/0019103582900410},
  journal = {Icarus},
  owner = {rpatel},
  timestamp = {2012.10.06}
}

@ARTICLE{Mizusawa2012,
  author = {{Mizusawa}, T.~F. and {Rebull}, L.~M. and {Stauffer}, J.~R. and {Bryden},
	G. and {Meyer}, M. and {Song}, I.},
  title = {{Exploring the Effects of Stellar Rotation and Wind Clearing: Debris
	Disks around F Stars}},
  year = {2012},
  volume = {144},
  eid = {135},
  month = nov,
  pages = {135},
  doi = {10.1088/0004-6256/144/5/135},
  eprint = {1208.6248},
  adsnote = {Provided by the SAO/NASA Astrophysics Data System},
  adsurl = {http://adsabs.harvard.edu/abs/2012AJ....144..135M},
  archiveprefix = {arXiv},
  journal = {\aj},
  keywords = {circumstellar matter, infrared: stars },
  owner = {rpatel},
  primaryclass = {astro-ph.SR},
  timestamp = {2012.10.08}
}

@ARTICLE{Mo'orAges2006,
  author = {{Mo{\'o}r}, A. and {{\'A}brah{\'a}m}, P. and {Derekas}, A. and {Kiss},
	C. and {Kiss}, L.~L. and {Apai}, D. and {Grady}, C. and {Henning},
	T.},
  title = {{Nearby Debris Disk Systems with High Fractional Luminosity Reconsidered}},
  year = {2006},
  volume = {644},
  month = jun,
  pages = {525-542},
  doi = {10.1086/503381},
  eprint = {arXiv:astro-ph/0603729},
  adsnote = {Provided by the SAO/NASA Astrophysics Data System},
  adsurl = {http://adsabs.harvard.edu/abs/2006ApJ...644..525M},
  journal = {\apj},
  keywords = {Stars: Circumstellar Matter, Infrared: Stars, Stars: Kinematics},
  owner = {rpatel},
  timestamp = {2011.09.13}
}

@ARTICLE{Moor2006,
  author = {{Mo{\'o}r}, A. and {{\'A}brah{\'a}m}, P. and {Derekas}, A. and {Kiss},
	C. and {Kiss}, L.~L. and {Apai}, D. and {Grady}, C. and {Henning},
	T.},
  title = {{Nearby Debris Disk Systems with High Fractional Luminosity Reconsidered}},
  year = {2006},
  volume = {644},
  month = jun,
  pages = {525-542},
  doi = {10.1086/503381},
  eprint = {arXiv:astro-ph/0603729},
  adsnote = {Provided by the SAO/NASA Astrophysics Data System},
  adsurl = {http://adsabs.harvard.edu/abs/2006ApJ...644..525M},
  journal = {\apj},
  keywords = {Stars: Circumstellar Matter, Infrared: Stars, Stars: Kinematics}
}

@ARTICLE{Moor2009,
  author = {{Mo{\'o}r}, A. and {Apai}, D. and {Pascucci}, I. and {{\'A}brah{\'a}m},
	P. and {Grady}, C. and {Henning}, T. and {Juh{\'a}sz}, A. and {Kiss},
	C. and {K{\'o}sp{\'a}l}, {\'A}.},
  title = {{The Discovery of New Warm Debris Disks Around F-type Stars}},
  year = {2009},
  volume = {700},
  month = jul,
  pages = {L25-L29},
  doi = {10.1088/0004-637X/700/1/L25},
  eprint = {0906.1145},
  adsnote = {Provided by the SAO/NASA Astrophysics Data System},
  adsurl = {http://cdsads.u-strasbg.fr/abs/2009ApJ...700L..25M},
  archiveprefix = {arXiv},
  journal = {\apjl},
  keywords = {circumstellar matter, infrared: stars},
  owner = {Ellesar272},
  primaryclass = {astro-ph.SR},
  timestamp = {2012.11.09}
}

@ARTICLE{Moor2011,
  author = {{Mo{\'o}r}, A. and {Pascucci}, I. and {K{\'o}sp{\'a}l}, {\'A}. and
	{{\'A}brah{\'a}m}, P. and {Csengeri}, T. and {Kiss}, L.~L. and {Apai},
	D. and {Grady}, C. and {Henning}, T. and {Kiss}, C. and {Bayliss},
	D. and {Juh{\'a}sz}, A. and {Kov{\'a}cs}, J. and {Szalai}, T.},
  title = {{Structure and Evolution of Debris Disks Around F-type Stars. I.
	Observations, Database, and Basic Evolutionary Aspects}},
  year = {2011},
  volume = {193},
  month = mar,
  pages = {4-+},
  doi = {10.1088/0067-0049/193/1/4},
  eprint = {1012.3631},
  adsnote = {Provided by the SAO/NASA Astrophysics Data System},
  adsurl = {http://adsabs.harvard.edu/abs/2011ApJS..193....4M},
  archiveprefix = {arXiv},
  journal = {\apjs},
  keywords = {circumstellar matter, infrared: stars},
  primaryclass = {astro-ph.SR}
}

@ARTICLE{Moerchen2012,
  author = {{Moerchen}, M.},
  title = {{Astronomy: Warm dust makes a fast getaway}},
  year = {2012},
  volume = {487},
  month = jul,
  pages = {45-46},
  doi = {10.1038/487045a},
  adsnote = {Provided by the SAO/NASA Astrophysics Data System},
  adsurl = {http://cdsads.u-strasbg.fr/abs/2012Natur.487...45M},
  journal = {\nat},
  owner = {rpatel},
  timestamp = {2012.10.10}
}

@ARTICLE{Moerchen2010,
  author = {{Moerchen}, M.~M. and {Telesco}, C.~M. and {Packham}, C.},
  title = {{High Spatial Resolution Imaging of Thermal Emission from Debris
	Disks}},
  year = {2010},
  volume = {723},
  month = nov,
  pages = {1418-1435},
  doi = {10.1088/0004-637X/723/2/1418},
  eprint = {1011.1410},
  adsnote = {Provided by the SAO/NASA Astrophysics Data System},
  adsurl = {http://adsabs.harvard.edu/abs/2010ApJ...723.1418M},
  archiveprefix = {arXiv},
  journal = {\apj},
  keywords = {circumstellar matter, infrared: stars, planetary systems},
  primaryclass = {astro-ph.SR}
}

@ARTICLE{Morales2012,
  author = {{Morales}, F.~Y. and {Padgett}, D.~L. and {Bryden}, G. and {Werner},
	M.~W. and {Furlan}, E.},
  title = {{WISE Detections of Dust in the Habitable Zones of Planet-bearing
	Stars}},
  year = {2012},
  volume = {757},
  eid = {7},
  month = sep,
  pages = {7},
  doi = {10.1088/0004-637X/757/1/7},
  adsnote = {Provided by the SAO/NASA Astrophysics Data System},
  adsurl = {http://adsabs.harvard.edu/abs/2012ApJ...757....7M},
  journal = {\apj},
  keywords = {circumstellar matter, infrared: planetary systems, planets and satellites:
	formation, stars: individual: UScoCTIO 108}
}

@ARTICLE{Morales2011,
  author = {{Morales}, F.~Y. and {Rieke}, G.~H. and {Werner}, M.~W. and {Bryden},
	G. and {Stapelfeldt}, K.~R. and {Su}, K.~Y.~L.},
  title = {{Common Warm Dust Temperatures Around Main-sequence Stars}},
  year = {2011},
  volume = {730},
  month = apr,
  pages = {L29+},
  doi = {10.1088/2041-8205/730/2/L29},
  adsnote = {Provided by the SAO/NASA Astrophysics Data System},
  adsurl = {http://adsabs.harvard.edu/abs/2011ApJ...730L..29M},
  journal = {\apjl},
  keywords = {circumstellar matter, infrared: stars, interplanetary medium}
}

@ARTICLE{Morales2009,
  author = {{Morales}, F.~Y. and {Werner}, M.~W. and {Bryden}, G. and {Plavchan},
	P. and {Stapelfeldt}, K.~R. and {Rieke}, G.~H. and {Su}, K.~Y.~L.
	and {Beichman}, C.~A. and {Chen}, C.~H. and {Grogan}, K. and {Kenyon},
	S.~J. and {Moro-Martin}, A. and {Wolf}, S.},
  title = {{Spitzer Mid-IR Spectra of Dust Debris Around A and Late B Type Stars:
	Asteroid Belt Analogs and Power-Law Dust Distributions}},
  year = {2009},
  volume = {699},
  month = jul,
  pages = {1067-1086},
  doi = {10.1088/0004-637X/699/2/1067},
  adsnote = {Provided by the SAO/NASA Astrophysics Data System},
  adsurl = {http://adsabs.harvard.edu/abs/2009ApJ...699.1067M},
  journal = {\apj},
  keywords = {circumstellar matter, infrared: stars, planetary systems: formation,
	stars: individual: HD 1404 HD 10939 HD 23267 HD 23642 HD 23763 HD
	24141 HD 24817 HD 28355 HD 30422 HD 32977 HD 37286 HD 38056 HD 38206
	HD 70313 HD 71722 HD 74873 HD 79108 HD 80950 HD 87696 HD 92536 HD
	93738 HD 98673 HD 110411 HD 115892 HD 125283 HD 126135 HD 128207
	HD 132238 HD 135379 HD 135454 HD 136246 HD 136347 HD 136482 HD 137015
	HD 138923 HD 138965 HD 141378 HD 142139 HD 145964 HD 153053 HD 159170
	HD 159492 HD 166046 HD 182919 HD 183324 HD 191174 HD 192425 HD 196544
	HD 215766 HD 220825 HD 223352 HD 225200}
}

@ARTICLE{Mordasini2013,
  author = {{Mordasini}, C.},
  title = {{Luminosity of young Jupiters revisited. Massive cores make hot planets}},
  year = {2013},
  month = jun,
  eprint = {1306.5746},
  adsnote = {Provided by the SAO/NASA Astrophysics Data System},
  adsurl = {http://adsabs.harvard.edu/abs/2013arXiv1306.5746M},
  archiveprefix = {arXiv},
  journal = {ArXiv e-prints},
  keywords = {Astrophysics - Earth and Planetary Astrophysics},
  owner = {anakha272},
  primaryclass = {astro-ph.EP},
  timestamp = {2013.07.17}
}

@ARTICLE{Mordasini2009a,
  author = {{Mordasini}, C. and {Alibert}, Y. and {Benz}, W.},
  title = {{Extrasolar planet population synthesis. I. Method, formation tracks,
	and mass-distance distribution}},
  year = {2009},
  volume = {501},
  month = jul,
  pages = {1139-1160},
  doi = {10.1051/0004-6361/200810301},
  eprint = {0904.2524},
  adsnote = {Provided by the SAO/NASA Astrophysics Data System},
  adsurl = {http://adsabs.harvard.edu/abs/2009A%26A...501.1139M},
  archiveprefix = {arXiv},
  journal = {\aap},
  keywords = {stars: planetary systems, stars: planetary systems: formation, stars:
	planetary systems: protoplanetary disks, planets and satellites:
	formation, solar system: formation, methods: numerical},
  owner = {anakha272},
  primaryclass = {astro-ph.EP},
  timestamp = {2015.01.16}
}

@ARTICLE{Mordasini2009,
  author = {{Mordasini}, C. and {Alibert}, Y. and {Benz}, W. and {Naef}, D.},
  title = {{Extrasolar planet population synthesis. II. Statistical comparison
	with observations}},
  year = {2009},
  volume = {501},
  month = jul,
  pages = {1161-1184},
  doi = {10.1051/0004-6361/200810697},
  eprint = {0904.2542},
  adsnote = {Provided by the SAO/NASA Astrophysics Data System},
  adsurl = {http://adsabs.harvard.edu/abs/2009A%26A...501.1161M},
  archiveprefix = {arXiv},
  journal = {\aap},
  keywords = {planetary systems, planetary systems: formation, planetary systems:
	protoplanetary disks, planets and satellites: formation, solar system:
	formation},
  owner = {anakha272},
  primaryclass = {astro-ph.EP},
  timestamp = {2015.01.16}
}

@ARTICLE{Nesvorny2010,
  author = {David Nesvorn{\'y} and Peter Jenniskens and Harold F. Levison and
	William F. Bottke and David VokrouhlickÃ½ and Matthieu Gounelle},
  title = {Cometary Origin of the Zodiacal Cloud and Carbonaceous Micrometeorites.
	Implications for Hot Debris Disks},
  year = {2010},
  volume = {713},
  number = {2},
  pages = {816},
  url = {http://stacks.iop.org/0004-637X/713/i=2/a=816},
  abstract = {The zodiacal cloud is a thick circumsolar disk of small debris particles
	produced by asteroid collisions and comets. Their relative contribution
	and how particles of different sizes dynamically evolve to produce
	the observed phenomena of light scattering, thermal emission, and
	meteoroid impacts are unknown. Until now, zodiacal cloud models have
	been phenomenological in nature, composed of ad hoc components with
	properties not understood from basic physical processes. Here, we
	present a zodiacal cloud model based on the orbital properties and
	lifetimes of comets and asteroids, and on the dynamical evolution
	of dust after ejection. The model is quantitatively constrained by
	Infrared Astronomical Satellite ( IRAS ) observations of thermal
	emission, but also qualitatively consistent with other zodiacal cloud
	observations, with meteor observations, with spacecraft impact experiments,
	and with properties of recovered micrometeorites (MMs). We find that
	particles produced by Jupiter-family comets (JFCs) are scattered
	by Jupiter before they are able to orbitally decouple from the planet
	and drift down to 1 AU. Therefore, the inclination distribution of
	JFC particles is broader than that of their source comets and leads
	to good fits to the broad latitudinal distribution of fluxes observed
	by IRAS . We find that 85%-95% of the observed mid-infrared emission
	is produced by particles from JFCs and <10% by dust from long-period
	comets. The JFC particles that contribute to the observed cross section
	area of the zodiacal cloud are typically D ##IMG## [http://ej.iop.org/icons/Entities/ap.gif]
	{â‰ˆ} 100 Î¼m in diameter. Asteroidal dust is found to be present
	at <10%. We suggest that spontaneous disruptions of JFCs, rather
	than the usual cometary activity driven by sublimating volatiles,
	is the main mechanism that liberates cometary particles into the
	zodiacal cloud. The ejected mm to cm-sized particles, which may constitute
	the basic grain size in comets, are disrupted on ##IMG## [http://ej.iop.org/icons/Entities/lsim.gif]
	{lsim} 10,000 yr to produce the 10-1000 Î¼m grains that dominate
	the thermal emission and mass influx. Breakup products with D > 100
	Î¼m undergo a further collisional cascade with smaller fragments
	being progressively more affected by Poynting-Robertson (PR) drag.
	Upon reaching D < 100 Î¼m, the particles typically drift down to
	<1 AU without suffering further disruptions. The resulting Earth-impact
	speed and direction of JFC particles is a strong function of particle
	size. While 300 Î¼m to 1 mm sporadic meteoroids are still on eccentric
	JFC-like orbits and impact from antihelion/helion directions, which
	is consistent with the aperture radar observations, the 10-300 Î¼m
	particles have their orbits circularized by PR drag, impact at low
	speeds, and are not detected by radar. Our results imply that JFC
	particles represent ~85% of the total mass influx at Earth. Since
	their atmospheric entry speeds are typically low ( ##IMG## [http://ej.iop.org/icons/Entities/ap.gif]
	{â‰ˆ} 14.5 km s â€“1 mean for D = 100-200 Î¼m with ##IMG##
	[http://ej.iop.org/icons/Entities/ap.gif] {â‰ˆ} 12 km s â€“1
	being the most common case), many JFC grains should survive frictional
	heating and land on Earth's surface. This explains why most MMs collected
	in antarctic ice have primitive carbonaceous composition. The present
	mass of the inner zodiacal cloud at <5 AU is estimated to be 1-2
	Ã— 10 19 g, mainly in D = 100-200 Î¼m particles. The inner zodiacal
	cloud should have been >10 4 times brighter during the Late Heavy
	Bombardment (LHB) epoch ##IMG## [http://ej.iop.org/icons/Entities/ap.gif]
	{â‰ˆ} 3.8 Gyr ago, when the outer planets scattered numerous
	comets into the inner solar system. The bright debris disks with
	a large 24 Î¼m excess observed around mature stars may be an indication
	of massive cometary populations existing in those systems. We estimate
	that at least ~10 22 , ~2 Ã— 10 21 , and ~2 Ã— 10 20 g of primitive
	dark dust material could have been accreted during LHB by the Earth,
	Mars, and Moon, respectively.},
  journal = {The Astrophysical Journal},
  owner = {Ellesar272},
  timestamp = {2013.01.01}
}

@ARTICLE{Neugebauer1969,
  author = {{Neugebauer}, G. and {Leighton}, R.~B.},
  title = {{Two-micron sky survey; a preliminary catalog.}},
  year = {1969},
  volume = {3047},
  adsnote = {Provided by the SAO/NASA Astrophysics Data System},
  adsurl = {http://adsabs.harvard.edu/abs/1969NASSP3047.....N},
  journal = {NASA Special Publication},
  keywords = {Astrographic catalog and chart},
  owner = {rpatel},
  timestamp = {2013.01.05}
}

@ARTICLE{Nordstrom2004,
  author = {{Nordstr{\"o}m}, B. and {Mayor}, M. and {Andersen}, J. and {Holmberg},
	J. and {Pont}, F. and {J{\o}rgensen}, B.~R. and {Olsen}, E.~H. and
	{Udry}, S. and {Mowlavi}, N.},
  title = {{The Geneva-Copenhagen survey of the Solar neighbourhood. Ages, metallicities,
	and kinematic properties of {\tilde}14 000 F and G dwarfs}},
  year = {2004},
  volume = {418},
  month = may,
  pages = {989-1019},
  doi = {10.1051/0004-6361:20035959},
  eprint = {arXiv:astro-ph/0405198},
  adsnote = {Provided by the SAO/NASA Astrophysics Data System},
  adsurl = {http://adsabs.harvard.edu/abs/2004A%26A...418..989N},
  journal = {\aap},
  keywords = {Galaxy: disk, Galaxy: solar neighbourhood, Galaxy: stellar content,
	Galaxy: kinematics and dynamics, Galaxy: evolution, stars: fundamental
	parameters},
  owner = {anakha272},
  timestamp = {2015.01.16}
}

@ARTICLE{Oppenheimer2009,
  author = {{Oppenheimer}, B.~R. and {Hinkley}, S.},
  title = {{High-Contrast Observations in Optical and Infrared Astronomy}},
  year = {2009},
  volume = {47},
  month = sep,
  pages = {253-289},
  doi = {10.1146/annurev-astro-082708-101717},
  eprint = {0903.4466},
  adsnote = {Provided by the SAO/NASA Astrophysics Data System},
  adsurl = {http://adsabs.harvard.edu/abs/2009ARA%26A..47..253O},
  archiveprefix = {arXiv},
  journal = {\araa},
  owner = {anakha272},
  primaryclass = {astro-ph.IM},
  timestamp = {2015.01.16}
}

@ARTICLE{Osterloh1995,
  author = {{Osterloh}, M. and {Beckwith}, S.~V.~W.},
  title = {{Millimeter-wave continuum measurements of young stars}},
  year = {1995},
  volume = {439},
  month = jan,
  pages = {288-302},
  doi = {10.1086/175172},
  adsnote = {Provided by the SAO/NASA Astrophysics Data System},
  adsurl = {http://adsabs.harvard.edu/abs/1995ApJ...439..288O},
  journal = {\apj},
  keywords = {Accretion Disks, Binary Stars, Continuous Spectra, Millimeter Waves,
	Pre-Main Sequence Stars, Radio Observation, Thermal Radiation, Flux
	Density, H Alpha Line, Spectrum Analysis, Stellar Luminosity},
  owner = {anakha272},
  timestamp = {2015.07.16}
}

@ARTICLE{Oudamaijer1992,
  author = {{Oudmaijer}, R.~D. and {van der Veen}, W.~E.~C.~J. and {Waters},
	L.~B.~F.~M. and {Trams}, N.~R. and {Waelkens}, C. and {Engelsman},
	E.},
  title = {{SAO stars with infrared excess in the IRAS Point Source Catalog}},
  year = {1992},
  volume = {96},
  month = dec,
  pages = {625-643},
  adsnote = {Provided by the SAO/NASA Astrophysics Data System},
  adsurl = {http://cdsads.u-strasbg.fr/abs/1992A%26AS...96..625O},
  journal = {\aaps},
  keywords = {ASTRONOMICAL CATALOGS, COLOR-COLOR DIAGRAM, INFRARED ASTRONOMY SATELLITE,
	INFRARED STARS, POINT SOURCES, STELLAR ENVELOPES, ASYMPTOTIC GIANT
	BRANCH STARS, B STARS, BINARY STARS, PRE-MAIN SEQUENCE STARS, STELLAR
	EVOLUTION}
}

@INPROCEEDINGS{Padgett2013,
  author = {{Padgett}, D. and {Stapelfeldt}, K.~R. and {Liu}, W.~M. and {Leisawitz},
	D. and {Krist}, J.~E. and {Debes}, J.~H. and {Fajardo-Acosta}, S.
	and {WISE Science Team}},
  title = {{Warm Debris Disks from WISE}},
  booktitle = {American Astronomical Society Meeting Abstracts},
  year = {2013},
  volume = {221},
  series = {American Astronomical Society Meeting Abstracts},
  month = jan,
  pages = {\#403.03},
  adsnote = {Provided by the SAO/NASA Astrophysics Data System},
  adsurl = {http://adsabs.harvard.edu/abs/2013AAS...22140303P}
}

@ARTICLE{Patel2014,
  author = {{Patel}, R.~I. and {Metchev}, S.~A. and {Heinze}, A.},
  title = {{A Sensitive Identification of Warm Debris Disks in the Solar Neighborhood
	through Precise Calibration of Saturated WISE Photometry}},
  year = {2014},
  volume = {212},
  eid = {10},
  month = may,
  pages = {10},
  doi = {10.1088/0067-0049/212/1/10},
  eprint = {1403.3435},
  adsnote = {Provided by the SAO/NASA Astrophysics Data System},
  adsurl = {http://adsabs.harvard.edu/abs/2014ApJS..212...10P},
  archiveprefix = {arXiv},
  journal = {\apjs},
  keywords = {infrared: planetary systems, planetary systems, protoplanetary disks,
	stars: statistics, zodiacal dust },
  owner = {anakha272},
  primaryclass = {astro-ph.SR},
  timestamp = {2014.10.05}
}

@ARTICLE{Patel2014b,
  author = {{Patel}, R.~I. and {Metchev}, S.~A. and {Heinze}, A.},
  title = {{Erratum: ''A Sensitive Identification of Warm Debris Disks in the
	Solar Neighborhood through Precise Calibration of Saturated WISE
	Photometry'' <A href=''/abs/2014ApJS..212...10P''>(2014, ApJS, 212,
	10)</A>}},
  year = {2014},
  volume = {214},
  eid = {14},
  month = sep,
  pages = {14},
  doi = {10.1088/0067-0049/214/1/14},
  adsnote = {Provided by the SAO/NASA Astrophysics Data System},
  adsurl = {http://adsabs.harvard.edu/abs/2014ApJS..214...14P},
  journal = {\apjs},
  owner = {anakha272},
  timestamp = {2014.12.18}
}

@ARTICLE{Pecaut2013,
  author = {{Pecaut}, M.~J. and {Mamajek}, E.~E.},
  title = {{Intrinsic Colors, Temperatures, and Bolometric Corrections of Pre-main-sequence
	Stars}},
  year = {2013},
  volume = {208},
  eid = {9},
  month = sep,
  pages = {9},
  doi = {10.1088/0067-0049/208/1/9},
  eprint = {1307.2657},
  adsnote = {Provided by the SAO/NASA Astrophysics Data System},
  adsurl = {http://adsabs.harvard.edu/abs/2013ApJS..208....9P},
  archiveprefix = {arXiv},
  journal = {\apjs},
  keywords = {open clusters and associations: individual: {$\eta$} Cha cluster TW
	Hydra Association {$\beta$} Pic Moving Group Tucana-Horologium Association,
	stars: fundamental parameters, stars: pre-main sequence},
  primaryclass = {astro-ph.SR}
}

@ARTICLE{Pecaut2012,
  author = {{Pecaut}, M.~J. and {Mamajek}, E.~E. and {Bubar}, E.~J.},
  title = {{A Revised Age for Upper Scorpius and the Star Formation History
	among the F-type Members of the Scorpius-Centaurus OB Association}},
  year = {2012},
  volume = {746},
  eid = {154},
  month = feb,
  pages = {154},
  doi = {10.1088/0004-637X/746/2/154},
  eprint = {1112.1695},
  adsnote = {Provided by the SAO/NASA Astrophysics Data System},
  adsurl = {http://adsabs.harvard.edu/abs/2012ApJ...746..154P},
  archiveprefix = {arXiv},
  journal = {\apj},
  keywords = {circumstellar matter, Hertzsprung-Russell and C-M diagrams, open clusters
	and associations: individual: Scorpius-Centaurus, stars: individual:
	Antares 1RXS J160930.3-210459, stars: pre-main sequence},
  primaryclass = {astro-ph.SR}
}

@ARTICLE{Perryman1997,
  author = {{Perryman}, M.~A.~C. and {Lindegren}, L. and {Kovalevsky}, J. and
	{Hoeg}, E. and {Bastian}, U. and {Bernacca}, P.~L. and {Cr{\'e}z{\'e}},
	M. and {Donati}, F. and {Grenon}, M. and {Grewing}, M. and {van Leeuwen},
	F. and {van der Marel}, H. and {Mignard}, F. and {Murray}, C.~A.
	and {Le Poole}, R.~S. and {Schrijver}, H. and {Turon}, C. and {Arenou},
	F. and {Froeschl{\'e}}, M. and {Petersen}, C.~S.},
  title = {{The HIPPARCOS Catalogue}},
  year = {1997},
  volume = {323},
  month = jul,
  pages = {L49-L52},
  adsnote = {Provided by the SAO/NASA Astrophysics Data System},
  adsurl = {http://adsabs.harvard.edu/abs/1997A%26A...323L..49P},
  journal = {\aap},
  owner = {Ellesar272},
  timestamp = {2012.05.26}
}

@ARTICLE{Plavchan2009,
  author = {{Plavchan}, P. and {Werner}, M.~W. and {Chen}, C.~H. and {Stapelfeldt},
	K.~R. and {Su}, K.~Y.~L. and {Stauffer}, J.~R. and {Song}, I.},
  title = {{New Debris Disks Around Young, Low-Mass Stars Discovered with the
	Spitzer Space Telescope}},
  year = {2009},
  volume = {698},
  month = jun,
  pages = {1068-1094},
  doi = {10.1088/0004-637X/698/2/1068},
  eprint = {0904.0819},
  adsnote = {Provided by the SAO/NASA Astrophysics Data System},
  adsurl = {http://adsabs.harvard.edu/abs/2009ApJ...698.1068P},
  archiveprefix = {arXiv},
  journal = {\apj},
  keywords = {circumstellar matter, planetary systems: formation},
  primaryclass = {astro-ph.SR}
}

@ARTICLE{Pribulla2006,
  author = {{Pribulla}, T. and {Rucinski}, S.~M.},
  title = {{Contact Binaries with Additional Components. I. The Extant Data}},
  year = {2006},
  volume = {131},
  month = jun,
  pages = {2986-3007},
  doi = {10.1086/503871},
  eprint = {arXiv:astro-ph/0601610},
  adsnote = {Provided by the SAO/NASA Astrophysics Data System},
  adsurl = {http://cdsads.u-strasbg.fr/abs/2006AJ....131.2986P},
  journal = {\aj},
  keywords = {Stars: Binaries: Close, Stars: Binaries: Eclipsing, Stars: Variables:
	Other},
  owner = {rpatel},
  timestamp = {2013.10.11}
}

@ARTICLE{Rebull2008,
  author = {{Rebull}, L.~M. and {Stapelfeldt}, K.~R. and {Werner}, M.~W. and
	{Mannings}, V.~G. and {Chen}, C. and {Stauffer}, J.~R. and {Smith},
	P.~S. and {Song}, I. and {Hines}, D. and {Low}, F.~J.},
  title = {{Spitzer MIPS Observations of Stars in the {$\beta$} Pictoris Moving
	Group}},
  year = {2008},
  volume = {681},
  month = jul,
  pages = {1484-1504},
  doi = {10.1086/588182},
  eprint = {0803.1674},
  adsnote = {Provided by the SAO/NASA Astrophysics Data System},
  adsurl = {http://adsabs.harvard.edu/abs/2008ApJ...681.1484R},
  archiveprefix = {arXiv},
  journal = {\apj},
  keywords = {Stars: Circumstellar Matter, stars: individual ({$\beta$} Pictoris
	moving group)}
}

@ARTICLE{Rhee2008,
  author = {{Rhee}, J.~H. and {Song}, I. and {Zuckerman}, B.},
  title = {{Warm Dust in the Terrestrial Planet Zone of a Sun-like Pleiades
	Star: Collisions between Planetary Embryos?}},
  year = {2008},
  volume = {675},
  month = mar,
  pages = {777-783},
  doi = {10.1086/524935},
  eprint = {0711.2111},
  adsnote = {Provided by the SAO/NASA Astrophysics Data System},
  adsurl = {http://adsabs.harvard.edu/abs/2008ApJ...675..777R},
  archiveprefix = {arXiv},
  journal = {\apj},
  keywords = {Stars: Circumstellar Matter, Infrared: Stars, Galaxy: Open Clusters
	and Associations: Individual: Name: Pleiades, Stars: Planetary Systems:
	Formation, stars: individual (HD 23514)},
  owner = {rpatel},
  timestamp = {2012.06.21}
}

@ARTICLE{Rhee2007a,
  author = {{Rhee}, J.~H. and {Song}, I. and {Zuckerman}, B.},
  title = {{EF Chamaeleontis: Warm Dust Orbiting a Nearby 10 Myr Old Star}},
  year = {2007},
  volume = {671},
  month = dec,
  pages = {616-621},
  doi = {10.1086/520760},
  eprint = {0706.1265},
  adsnote = {Provided by the SAO/NASA Astrophysics Data System},
  adsurl = {http://adsabs.harvard.edu/abs/2007ApJ...671..616R},
  archiveprefix = {arXiv},
  journal = {\apj},
  keywords = {Stars: Circumstellar Matter, Infrared: Stars, Stars: Planetary Systems:
	Protoplanetary Disks, stars: individual (EF Chamaeleontis)},
  owner = {Anakha},
  timestamp = {2012.07.26}
}

@ARTICLE{Rhee2007,
  author = {{Rhee}, J.~H. and {Song}, I. and {Zuckerman}, B. and {McElwain},
	M.},
  title = {{Characterization of Dusty Debris Disks: The IRAS and Hipparcos Catalogs}},
  year = {2007},
  volume = {660},
  month = may,
  pages = {1556-1571},
  doi = {10.1086/509912},
  eprint = {arXiv:astro-ph/0609555},
  adsnote = {Provided by the SAO/NASA Astrophysics Data System},
  adsurl = {http://adsabs.harvard.edu/abs/2007ApJ...660.1556R},
  journal = {\apj},
  keywords = {Infrared: Stars, Stars: Planetary Systems: Protoplanetary Disks}
}

@ARTICLE{Riaz2012,
  author = {{Riaz}, B. and {Lodieu}, N. and {Goodwin}, S. and {Stamatellos},
	D. and {Thompson}, M.},
  title = {{Disc frequencies for brown dwarfs in the Upper Scorpius OB association:
	implications for brown dwarf formation theories}},
  year = {2012},
  volume = {420},
  month = mar,
  pages = {2497-2517},
  doi = {10.1111/j.1365-2966.2011.20214.x},
  eprint = {1111.3929},
  adsnote = {Provided by the SAO/NASA Astrophysics Data System},
  adsurl = {http://adsabs.harvard.edu/abs/2012MNRAS.420.2497R},
  archiveprefix = {arXiv},
  journal = {\mnras},
  keywords = {brown dwarfs, circumstellar matter, stars: low-mass, open clusters
	and associations: individual: Upper Scorpius OB association},
  primaryclass = {astro-ph.SR}
}

@ARTICLE{Ribas2012,
  author = {{Ribas}, {\'A}. and {Mer{\'{\i}}n}, B. and {Ardila}, D.~R. and {Bouy},
	H.},
  title = {{Warm debris disks candidates in transiting planets systems}},
  year = {2012},
  volume = {541},
  eid = {A38},
  month = may,
  pages = {A38},
  doi = {10.1051/0004-6361/201118306},
  eprint = {1203.0013},
  adsnote = {Provided by the SAO/NASA Astrophysics Data System},
  adsurl = {http://adsabs.harvard.edu/abs/2012A%26A...541A..38R},
  archiveprefix = {arXiv},
  journal = {\aap},
  keywords = {planetary systems, planet-disk interactions},
  primaryclass = {astro-ph.EP}
}

@ARTICLE{Ricci2015,
  author = {{Ricci}, L. and {Carpenter}, J.~M. and {Fu}, B. and {Hughes}, A.~M.
	and {Corder}, S. and {Isella}, A.},
  title = {{ALMA Observations of the Debris Disk around the Young Solar Analog
	HD 107146}},
  year = {2015},
  volume = {798},
  eid = {124},
  month = jan,
  pages = {124},
  doi = {10.1088/0004-637X/798/2/124},
  eprint = {1410.8265},
  adsnote = {Provided by the SAO/NASA Astrophysics Data System},
  adsurl = {http://adsabs.harvard.edu/abs/2015ApJ...798..124R},
  archiveprefix = {arXiv},
  journal = {\apj},
  keywords = {circumstellar matter, planets and satellites: formation, stars: individual:
	HD 107146, submillimeter: stars},
  owner = {anakha272},
  primaryclass = {astro-ph.EP},
  timestamp = {2015.07.15}
}

@ARTICLE{Rieke2005,
  author = {{Rieke}, G.~H. and {Su}, K.~Y.~L. and {Stansberry}, J.~A. and {Trilling},
	D. and {Bryden}, G. and {Muzerolle}, J. and {White}, B. and {Gorlova},
	N. and {Young}, E.~T. and {Beichman}, C.~A. and {Stapelfeldt}, K.~R.
	and {Hines}, D.~C.},
  title = {{Decay of Planetary Debris Disks}},
  year = {2005},
  volume = {620},
  month = feb,
  pages = {1010-1026},
  doi = {10.1086/426937},
  adsnote = {Provided by the SAO/NASA Astrophysics Data System},
  adsurl = {http://adsabs.harvard.edu/abs/2005ApJ...620.1010R},
  journal = {\apj},
  keywords = {Stars: Circumstellar Matter, Infrared: Stars, Stars: Planetary Systems:
	Formation}
}

@ARTICLE{RiekeAges2005,
  author = {{Rieke}, G.~H. and {Su}, K.~Y.~L. and {Stansberry}, J.~A. and {Trilling},
	D. and {Bryden}, G. and {Muzerolle}, J. and {White}, B. and {Gorlova},
	N. and {Young}, E.~T. and {Beichman}, C.~A. and {Stapelfeldt}, K.~R.
	and {Hines}, D.~C.},
  title = {{Decay of Planetary Debris Disks}},
  year = {2005},
  volume = {620},
  month = feb,
  pages = {1010-1026},
  doi = {10.1086/426937},
  adsnote = {Provided by the SAO/NASA Astrophysics Data System},
  adsurl = {http://adsabs.harvard.edu/abs/2005ApJ...620.1010R},
  journal = {\apj},
  keywords = {Stars: Circumstellar Matter, Infrared: Stars, Stars: Planetary Systems:
	Formation},
  owner = {anakha272},
  timestamp = {2015.01.16}
}

@ARTICLE{Rieke2004,
  author = {{Rieke}, G.~H. and {Young}, E.~T. and {Engelbracht}, C.~W. and {Kelly},
	D.~M. and {Low}, F.~J. and {Haller}, E.~E. and {Beeman}, J.~W. and
	{Gordon}, K.~D. and {Stansberry}, J.~A. and {Misselt}, K.~A. and
	{Cadien}, J. and {Morrison}, J.~E. and {Rivlis}, G. and {Latter},
	W.~B. and {Noriega-Crespo}, A. and {Padgett}, D.~L. and {Stapelfeldt},
	K.~R. and {Hines}, D.~C. and {Egami}, E. and {Muzerolle}, J. and
	{Alonso-Herrero}, A. and {Blaylock}, M. and {Dole}, H. and {Hinz},
	J.~L. and {Le Floc'h}, E. and {Papovich}, C. and {P{\'e}rez-Gonz{\'a}lez},
	P.~G. and {Smith}, P.~S. and {Su}, K.~Y.~L. and {Bennett}, L. and
	{Frayer}, D.~T. and {Henderson}, D. and {Lu}, N. and {Masci}, F.
	and {Pesenson}, M. and {Rebull}, L. and {Rho}, J. and {Keene}, J.
	and {Stolovy}, S. and {Wachter}, S. and {Wheaton}, W. and {Werner},
	M.~W. and {Richards}, P.~L.},
  title = {{The Multiband Imaging Photometer for Spitzer (MIPS)}},
  year = {2004},
  volume = {154},
  month = sep,
  pages = {25-29},
  doi = {10.1086/422717},
  adsnote = {Provided by the SAO/NASA Astrophysics Data System},
  adsurl = {http://adsabs.harvard.edu/abs/2004ApJS..154...25R},
  journal = {\apjs},
  keywords = {Infrared: General, Space Vehicles: Instruments},
  owner = {Ellesar272},
  timestamp = {2013.01.13}
}

@ARTICLE{Rizzuto2012,
  author = {{Rizzuto}, A.~C. and {Ireland}, M.~J. and {Zucker}, D.~B.},
  title = {{WISE circumstellar discs in the young Sco-Cen association}},
  year = {2012},
  volume = {421},
  month = mar,
  pages = {L97-L101},
  doi = {10.1111/j.1745-3933.2012.01214.x},
  adsnote = {Provided by the SAO/NASA Astrophysics Data System},
  adsurl = {http://adsabs.harvard.edu/abs/2012MNRAS.421L..97R},
  journal = {\mnras},
  keywords = {planets and satellites: formation, protoplanetary discs, circumstellar
	matter, stars: early-type, open clusters and associations: individual:
	Sco-Cen, Sco OB2},
  owner = {rpatel},
  timestamp = {2012.07.17}
}

@ARTICLE{Roberge2008,
  author = {{Roberge}, A. and {Weinberger}, A.~J.},
  title = {{Debris Disks around Nearby Stars with Circumstellar Gas}},
  year = {2008},
  volume = {676},
  month = mar,
  pages = {509-517},
  doi = {10.1086/527314},
  eprint = {0711.4561},
  adsnote = {Provided by the SAO/NASA Astrophysics Data System},
  adsurl = {http://adsabs.harvard.edu/abs/2008ApJ...676..509R},
  archiveprefix = {arXiv},
  journal = {\apj},
  keywords = {Stars: Circumstellar Matter, Infrared: Stars, Stars: Planetary Systems:
	Formation, Stars: Early-Type}
}

@ARTICLE{Rucinski1983,
  author = {{Rucinski}, S.~M. and {Krautter}, J.},
  title = {{TW Hya - A T Tauri star far from any dark cloud}},
  year = {1983},
  volume = {121},
  month = may,
  pages = {217-225},
  adsnote = {Provided by the SAO/NASA Astrophysics Data System},
  adsurl = {http://adsabs.harvard.edu/abs/1983A%26A...121..217R},
  journal = {\aap},
  keywords = {Stellar Evolution, Stellar Spectra, Stellar Spectrophotometry, T Tauri
	Stars, Variable Stars, Absorption Spectra, Emission Spectra, Line
	Spectra, Spectral Energy Distribution, Spectrum Analysis, Stellar
	Color, Visual Photometry}
}

@BOOK{Schmidt-Kaler1982,
  author = {{Schmidt-Kaler}, T.},
  title = {Classification of stellar spectra},
  year = {1982},
  publisher = {in Group VI: Astronomy and Astrophysics, Vol. 2b, Stars and Star
	Clusters, eds.\ K.~Schaifers, H.~H.\ Voigt (Berlin: Springer)}
}

@INPROCEEDINGS{Schneider2013,
  author = {{Schneider}, A. and {Song}, I. and {Melis}, C. and {Hufford}, T.
	and {Zuckerman}, B.~M. and {Bessell}, M.~S.},
  title = {{A Study of WISE Detected Debris Disks Around FGK Stars in UCL/LCC}},
  booktitle = {American Astronomical Society Meeting Abstracts},
  year = {2013},
  volume = {221},
  series = {American Astronomical Society Meeting Abstracts},
  month = jan,
  pages = {325.06},
  adsnote = {Provided by the SAO/NASA Astrophysics Data System},
  adsurl = {http://adsabs.harvard.edu/abs/2013AAS...22132506S}
}

@ARTICLE{Schneider2006,
  author = {{Schneider}, G. and {Silverstone}, M.~D. and {Hines}, D.~C. and {Augereau},
	J.-C. and {Pinte}, C. and {M{\'e}nard}, F. and {Krist}, J. and {Clampin},
	M. and {Grady}, C. and {Golimowski}, D. and {Ardila}, D. and {Henning},
	T. and {Wolf}, S. and {Rodmann}, J.},
  title = {{Discovery of an 86 AU Radius Debris Ring around HD 181327}},
  year = {2006},
  volume = {650},
  month = oct,
  pages = {414-431},
  doi = {10.1086/506507},
  eprint = {arXiv:astro-ph/0606213},
  adsnote = {Provided by the SAO/NASA Astrophysics Data System},
  adsurl = {http://adsabs.harvard.edu/abs/2006ApJ...650..414S},
  journal = {\apj},
  keywords = {Stars: Circumstellar Matter, Infrared: Stars, Stars: Planetary Systems:
	Protoplanetary Disks, stars: individual (HD 181327)}
}

@ARTICLE{Shen2008,
  author = {{Shen}, Y. and {Turner}, E.~L.},
  title = {{On the Eccentricity Distribution of Exoplanets from Radial Velocity
	Surveys}},
  year = {2008},
  volume = {685},
  month = sep,
  pages = {553-559},
  doi = {10.1086/590548},
  eprint = {0806.0032},
  adsnote = {Provided by the SAO/NASA Astrophysics Data System},
  adsurl = {http://adsabs.harvard.edu/abs/2008ApJ...685..553S},
  archiveprefix = {arXiv},
  journal = {\apj},
  keywords = {Stars: Planetary Systems, Techniques: Radial Velocities},
  owner = {anakha272},
  timestamp = {2015.01.16}
}

@ARTICLE{Siegler2007,
  author = {{Siegler}, N. and {Muzerolle}, J. and {Young}, E.~T. and {Rieke},
	G.~H. and {Mamajek}, E.~E. and {Trilling}, D.~E. and {Gorlova}, N.
	and {Su}, K.~Y.~L.},
  title = {{Spitzer 24 {$\mu$}m Observations of Open Cluster IC 2391 and Debris
	Disk Evolution of FGK Stars}},
  year = {2007},
  volume = {654},
  month = jan,
  pages = {580-594},
  doi = {10.1086/509042},
  eprint = {arXiv:astro-ph/0609141},
  adsnote = {Provided by the SAO/NASA Astrophysics Data System},
  adsurl = {http://adsabs.harvard.edu/abs/2007ApJ...654..580S},
  journal = {\apj},
  keywords = {Infrared: Stars, Galaxy: Open Clusters and Associations: Individual:
	Alphanumeric: IC 2391, Stars: Planetary Systems: Protoplanetary Disks},
  owner = {rpatel},
  timestamp = {2012.10.26}
}

@ARTICLE{Siess2000,
  author = {{Siess}, L. and {Dufour}, E. and {Forestini}, M.},
  title = {{An internet server for pre-main sequence tracks of low- and intermediate-mass
	stars}},
  year = {2000},
  volume = {358},
  month = jun,
  pages = {593-599},
  eprint = {arXiv:astro-ph/0003477},
  adsnote = {Provided by the SAO/NASA Astrophysics Data System},
  adsurl = {http://adsabs.harvard.edu/abs/2000A%26A...358..593S},
  journal = {\aap},
  keywords = {EQUATION OF STATE, STARS: EVOLUTION, STARS: HERTZSPRUNG-RUSSEL (HR)
	AND C-M DIAGRAMS, STARS: PRE-MAIN SEQUENCE, ASTRONOMICAL DATA BASES:
	MISCELLANEOUS},
  owner = {anakha272},
  timestamp = {2015.01.16}
}

@ARTICLE{Simon2012,
  author = {{Simon}, M. and {Schlieder}, J.~E. and {Constantin}, A.-M. and {Silverstein},
	M.},
  title = {{WISE Detection of the Circumstellar Disk Associated with 2MASS J0820-8003
	in the {$\eta$} Cha Cluster}},
  year = {2012},
  volume = {751},
  eid = {114},
  month = jun,
  pages = {114},
  doi = {10.1088/0004-637X/751/2/114},
  eprint = {1203.3202},
  adsnote = {Provided by the SAO/NASA Astrophysics Data System},
  adsurl = {http://cdsads.u-strasbg.fr/abs/2012ApJ...751..114S},
  archiveprefix = {arXiv},
  journal = {\apj},
  keywords = {infrared: stars, open clusters and associations: individual: {$\eta$},
	Chamaeleontis, protoplanetary disks, stars: pre-main sequence},
  owner = {rpatel},
  primaryclass = {astro-ph.GA},
  timestamp = {2012.12.10}
}

@ARTICLE{Sitko2000,
  author = {{Sitko}, M.~L. and {Lynch}, D.~K. and {Russell}, R.~W.},
  title = {{Silicate Emission in the TW Hydrae Association}},
  year = {2000},
  volume = {120},
  month = nov,
  pages = {2609-2614},
  doi = {10.1086/316831},
  eprint = {arXiv:astro-ph/0008025},
  adsnote = {Provided by the SAO/NASA Astrophysics Data System},
  adsurl = {http://cdsads.u-strasbg.fr/abs/2000AJ....120.2609S},
  journal = {\aj},
  keywords = {Stars: Individual: Constellation Name: TW Hydrae, stars: individual
	(HR 4796A), Stars: Individual: Henry Draper Number: HD 98800, Stars:
	Pre-Main-Sequence, Techniques: Spectroscopic},
  owner = {rpatel},
  timestamp = {2012.12.10}
}

@ARTICLE{Skrutskie2006,
  author = {{Skrutskie}, M.~F. and {Cutri}, R.~M. and {Stiening}, R. and {Weinberg},
	M.~D. and {Schneider}, S. and {Carpenter}, J.~M. and {Beichman},
	C. and {Capps}, R. and {Chester}, T. and {Elias}, J. and {Huchra},
	J. and {Liebert}, J. and {Lonsdale}, C. and {Monet}, D.~G. and {Price},
	S. and {Seitzer}, P. and {Jarrett}, T. and {Kirkpatrick}, J.~D. and
	{Gizis}, J.~E. and {Howard}, E. and {Evans}, T. and {Fowler}, J.
	and {Fullmer}, L. and {Hurt}, R. and {Light}, R. and {Kopan}, E.~L.
	and {Marsh}, K.~A. and {McCallon}, H.~L. and {Tam}, R. and {Van Dyk},
	S. and {Wheelock}, S.},
  title = {{The Two Micron All Sky Survey (2MASS)}},
  year = {2006},
  volume = {131},
  month = feb,
  pages = {1163-1183},
  doi = {10.1086/498708},
  adsnote = {Provided by the SAO/NASA Astrophysics Data System},
  adsurl = {http://adsabs.harvard.edu/abs/2006AJ....131.1163S},
  journal = {\aj},
  keywords = {Catalogs, Infrared: General, Surveys}
}

@ARTICLE{Smith2006,
  author = {{Smith}, P.~S. and {Hines}, D.~C. and {Low}, F.~J. and {Gehrz}, R.~D.
	and {Polomski}, E.~F. and {Woodward}, C.~E.},
  title = {{Spitzer Far-Infrared Detections of Cold Circumstellar Disks}},
  year = {2006},
  volume = {644},
  month = jun,
  pages = {L125-L128},
  doi = {10.1086/505749},
  eprint = {arXiv:astro-ph/0605334},
  adsnote = {Provided by the SAO/NASA Astrophysics Data System},
  adsurl = {http://adsabs.harvard.edu/abs/2006ApJ...644L.125S},
  journal = {\apjl},
  keywords = {Stars: Circumstellar Matter, Infrared: Stars, Stars: Planetary Systems:
	Formation}
}

@ARTICLE{Smith2010,
  author = {{Smith}, R. and {Wyatt}, M.~C.},
  title = {{Warm dusty discs: exploring the A star 24 {$\mu$}m debris population}},
  year = {2010},
  volume = {515},
  eid = {A95},
  month = jun,
  pages = {A95},
  doi = {10.1051/0004-6361/200913481},
  eprint = {1004.0644},
  adsnote = {Provided by the SAO/NASA Astrophysics Data System},
  adsurl = {http://adsabs.harvard.edu/abs/2010A%26A...515A..95S},
  archiveprefix = {arXiv},
  journal = {\aap},
  keywords = {circumstellar matter, techniques: high angular, resolution, infrared:
	stars},
  owner = {Ellesar272},
  primaryclass = {astro-ph.EP},
  timestamp = {2012.11.16}
}

@ARTICLE{Soderblom2010,
  author = {{Soderblom}, D.~R.},
  title = {{The Ages of Stars}},
  year = {2010},
  volume = {48},
  month = sep,
  pages = {581-629},
  doi = {10.1146/annurev-astro-081309-130806},
  eprint = {1003.6074},
  adsnote = {Provided by the SAO/NASA Astrophysics Data System},
  adsurl = {http://adsabs.harvard.edu/abs/2010ARA%26A..48..581S},
  archiveprefix = {arXiv},
  journal = {\araa},
  owner = {Ellesar272},
  primaryclass = {astro-ph.SR},
  timestamp = {2011.07.05}
}

@ARTICLE{Solanki1994,
  author = {{Solanki}, S.~K. and {Livingston}, W. and {Ayres}, T.},
  title = {{New Light on the Heart of Darkness of the Solar Chromosphere}},
  year = {1994},
  volume = {263},
  month = jan,
  pages = {64-66},
  doi = {10.1126/science.263.5143.64},
  adsnote = {Provided by the SAO/NASA Astrophysics Data System},
  adsurl = {http://adsabs.harvard.edu/abs/1994Sci...263...64S},
  journal = {Science}
}

@ARTICLE{Song2003,
  author = {{Song}, I. and {Zuckerman}, B. and {Bessell}, M.~S.},
  title = {{New Members of the TW Hydrae Association, {$\beta$} Pictoris Moving
	Group, and Tucana/Horologium Association}},
  year = {2003},
  volume = {599},
  month = dec,
  pages = {342-350},
  doi = {10.1086/379194},
  adsnote = {Provided by the SAO/NASA Astrophysics Data System},
  adsurl = {http://adsabs.harvard.edu/abs/2003ApJ...599..342S},
  journal = {\apj},
  keywords = {Galaxy: Open Clusters and Associations: Individual: Name: TW Hydrae,
	open clusters and associations: individual ({$\beta$} Pictoris, Tucana),
	Stars: Evolution, Stars: Kinematics, Stars: Pre-Main-Sequence},
  owner = {rpatel},
  timestamp = {2011.09.14}
}

@ARTICLE{Song2005,
  author = {{Song}, I. and {Zuckerman}, B. and {Weinberger}, A.~J. and {Becklin},
	E.~E. },
  title = {{Extreme collisions between planetesimals as the origin of warm dust
	around a Sun-like star}},
  year = {2005},
  volume = {436},
  month = jul,
  pages = {363-365},
  doi = {10.1038/nature03853},
  adsnote = {Provided by the SAO/NASA Astrophysics Data System},
  adsurl = {http://adsabs.harvard.edu/abs/2005Natur.436..363S},
  journal = {\nat}
}

@ARTICLE{Sowell2012,
  author = {{Sowell}, J.~R. and {Henry}, G.~W. and {Fekel}, F.~C.},
  title = {{Absolute Properties of the Highly Eccentric, Solar-type Eclipsing
	Binary HD 74057}},
  year = {2012},
  volume = {143},
  eid = {5},
  month = jan,
  pages = {5},
  doi = {10.1088/0004-6256/143/1/5},
  adsnote = {Provided by the SAO/NASA Astrophysics Data System},
  adsurl = {http://cdsads.u-strasbg.fr/abs/2012AJ....143....5S},
  journal = {\aj},
  keywords = {binaries: close, binaries: eclipsing, binaries: spectroscopic},
  owner = {rpatel},
  timestamp = {2013.03.04}
}

@ELECTRONIC{STSCI,
  author = {Space Telescope Science Institute,},
  title = {Calibration Database System: Castelli and Kurucz Atlas},
  url = {http://www.stsci.edu/hst/observatory/cdbs/castelli_kurucz_atlas.html},
  owner = {Ellesar272},
  timestamp = {2012.05.29}
}

@ARTICLE{Spangler2001,
  author = {{Spangler}, C. and {Sargent}, A.~I. and {Silverstone}, M.~D. and
	{Becklin}, E.~E. and {Zuckerman}, B.},
  title = {{Dusty Debris around Solar-Type Stars: Temporal Disk Evolution}},
  year = {2001},
  volume = {555},
  month = jul,
  pages = {932-944},
  doi = {10.1086/321490},
  eprint = {arXiv:astro-ph/0103185},
  adsnote = {Provided by the SAO/NASA Astrophysics Data System},
  adsurl = {http://adsabs.harvard.edu/abs/2001ApJ...555..932S},
  journal = {\apj},
  keywords = {Stars: Circumstellar Matter, Infrared: Stars, Galaxy: Open Clusters
	and Associations: General, Stars: Planetary Systems},
  owner = {rpatel},
  timestamp = {2012.03.16}
}

@ARTICLE{Stauffer2010,
  author = {{Stauffer}, J.~R. and {Rebull}, L.~M. and {James}, D. and {Noriega-Crespo},
	A. and {Strom}, S. and {Wolk}, S. and {Carpenter}, J.~M. and {Barrado
	y Navascues}, D. and {Micela}, G. and {Backman}, D. and {Cargile},
	P.~A.},
  title = {{Debris Disks of Members of the Blanco 1 OPen Cluster}},
  year = {2010},
  volume = {719},
  month = aug,
  pages = {1859-1871},
  doi = {10.1088/0004-637X/719/2/1859},
  eprint = {1007.0239},
  adsnote = {Provided by the SAO/NASA Astrophysics Data System},
  adsurl = {http://adsabs.harvard.edu/abs/2010ApJ...719.1859S},
  archiveprefix = {arXiv},
  journal = {\apj},
  keywords = {open clusters and associations: individual: Blanco 1, stars: low-mass},
  owner = {rpatel},
  primaryclass = {astro-ph.SR},
  timestamp = {2012.06.21}
}

@ARTICLE{Stern2012,
  author = {{Stern}, D. and {Assef}, R.~J. and {Benford}, D.~J. and {Blain},
	A. and {Cutri}, R. and {Dey}, A. and {Eisenhardt}, P. and {Griffith},
	R.~L. and {Jarrett}, T.~H. and {Lake}, S. and {Masci}, F. and {Petty},
	S. and {Stanford}, S.~A. and {Tsai}, C.-W. and {Wright}, E.~L. and
	{Yan}, L. and {Harrison}, F. and {Madsen}, K.},
  title = {{Mid-infrared Selection of Active Galactic Nuclei with the Wide-Field
	Infrared Survey Explorer. I. Characterizing WISE-selected Active
	Galactic Nuclei in COSMOS}},
  year = {2012},
  volume = {753},
  eid = {30},
  month = jul,
  pages = {30},
  doi = {10.1088/0004-637X/753/1/30},
  eprint = {1205.0811},
  adsnote = {Provided by the SAO/NASA Astrophysics Data System},
  adsurl = {http://adsabs.harvard.edu/abs/2012ApJ...753...30S},
  archiveprefix = {arXiv},
  journal = {\apj},
  keywords = {galaxies: active, infrared: galaxies},
  owner = {rpatel},
  primaryclass = {astro-ph.CO},
  timestamp = {2013.10.23}
}

@ARTICLE{Su2006,
  author = {{Su}, K.~Y.~L. and {Rieke}, G.~H. and {Stansberry}, J.~A. and {Bryden},
	G. and {Stapelfeldt}, K.~R. and {Trilling}, D.~E. and {Muzerolle},
	J. and {Beichman}, C.~A. and {Moro-Martin}, A. and {Hines}, D.~C.
	and {Werner}, M.~W.},
  title = {{Debris Disk Evolution around A Stars}},
  year = {2006},
  volume = {653},
  month = dec,
  pages = {675-689},
  doi = {10.1086/508649},
  eprint = {arXiv:astro-ph/0608563},
  adsnote = {Provided by the SAO/NASA Astrophysics Data System},
  adsurl = {http://adsabs.harvard.edu/abs/2006ApJ...653..675S},
  journal = {\apj},
  keywords = {Stars: Circumstellar Matter, Infrared: Stars, Stars: Planetary Systems:
	Formation}
}

@ARTICLE{Su2009,
  author = {{Su}, K.~Y.~L. and {Rieke}, G.~H. and {Stapelfeldt}, K.~R. and {Malhotra},
	R. and {Bryden}, G. and {Smith}, P.~S. and {Misselt}, K.~A. and {Moro-Martin},
	A. and {Williams}, J.~P.},
  title = {{The Debris Disk Around HR 8799}},
  year = {2009},
  volume = {705},
  month = nov,
  pages = {314-327},
  doi = {10.1088/0004-637X/705/1/314},
  eprint = {0909.2687},
  adsnote = {Provided by the SAO/NASA Astrophysics Data System},
  adsurl = {http://adsabs.harvard.edu/abs/2009ApJ...705..314S},
  archiveprefix = {arXiv},
  journal = {\apj},
  keywords = {circumstellar matter, infrared: stars, planetary systems, stars: individual:
	HR 8799},
  owner = {Ellesar272},
  primaryclass = {astro-ph.EP},
  timestamp = {2012.11.11}
}

@ARTICLE{Sylvester2000,
  author = {{Sylvester}, R.~J. and {Mannings}, V.},
  title = {{Optical, infrared and millimetre-wave properties of Vega-like systems
	- IV. Observations of a new sample of candidate Vega-like sources}},
  year = {2000},
  volume = {313},
  month = mar,
  pages = {73-86},
  adsnote = {Provided by the SAO/NASA Astrophysics Data System},
  adsurl = {http://cdsads.u-strasbg.fr/abs/2000MNRAS.313...73S},
  journal = {\mnras},
  keywords = {CIRCUMSTELLAR MATTER, PLANETARY SYSTEMS, INFRARED: STARS},
  owner = {rpatel},
  timestamp = {2012.11.11}
}

@ARTICLE{Telesco1991,
  author = {{Telesco}, C.~M. and {Knacke}, R.~F.},
  title = {{Detection of silicates in the Beta Pictoris disk}},
  year = {1991},
  volume = {372},
  month = may,
  pages = {L29-L31},
  doi = {10.1086/186016},
  adsnote = {Provided by the SAO/NASA Astrophysics Data System},
  adsurl = {http://adsabs.harvard.edu/abs/1991ApJ...372L..29T},
  journal = {\apjl},
  keywords = {ASTRONOMICAL SPECTROSCOPY, INFRARED SPECTRA, SILICATES, STELLAR ENVELOPES,
	COSMIC DUST, EMISSION SPECTRA, FLUX DENSITY, HALLEY'S COMET, KOHOUTEK
	COMET},
  owner = {rpatel},
  timestamp = {2012.12.05}
}

@ARTICLE{Terebey1984,
  author = {{Terebey}, S. and {Shu}, F.~H. and {Cassen}, P.},
  title = {{The collapse of the cores of slowly rotating isothermal clouds}},
  year = {1984},
  volume = {286},
  month = nov,
  pages = {529-551},
  doi = {10.1086/162628},
  adsnote = {Provided by the SAO/NASA Astrophysics Data System},
  adsurl = {http://adsabs.harvard.edu/abs/1984ApJ...286..529T},
  journal = {\apj},
  keywords = {Computational Astrophysics, Gravitational Collapse, Molecular Clouds,
	Planetary Evolution, Rotating Matter, Stellar Evolution, Angular
	Momentum, Differential Equations, Hydrodynamic Equations, Nebulae,
	Plasma Density, Plasma Equilibrium, Protostars, Stellar Envelopes},
  owner = {anakha272},
  timestamp = {2015.07.16}
}

@ARTICLE{Thalmann2011,
  author = {{Thalmann}, C. and {Janson}, M. and {Buenzli}, E. and {Brandt}, T.~D.
	and {Wisniewski}, J.~P. and {Moro-Mart{\'{\i}}n}, A. and {Usuda},
	T. and {Schneider}, G. and {Carson}, J. and {McElwain}, M.~W. and
	{Grady}, C.~A. and {Goto}, M. and {Abe}, L. and {Brandner}, W. and
	{Dominik}, C. and {Egner}, S. and {Feldt}, M. and {Fukue}, T. and
	{Golota}, T. and {Guyon}, O. and {Hashimoto}, J. and {Hayano}, Y.
	and {Hayashi}, M. and {Hayashi}, S. and {Henning}, T. and {Hodapp},
	K.~W. and {Ishii}, M. and {Iye}, M. and {Kandori}, R. and {Knapp},
	G.~R. and {Kudo}, T. and {Kusakabe}, N. and {Kuzuhara}, M. and {Matsuo},
	T. and {Miyama}, S. and {Morino}, J.~-. and {Nishimura}, T. and {Pyo},
	T.~-. and {Serabyn}, E. and {Suto}, H. and {Suzuki}, R. and {Takahashi},
	Y.~H. and {Takami}, M. and {Takato}, N. and {Terada}, H. and {Tomono},
	D. and {Turner}, E.~L. and {Watanabe}, M. and {Yamada}, T. and {Takami},
	H. and {Tamura}, M. },
  title = {{Images of the Extended Outer Regions of the Debris Ring Around HR
	4796 A}},
  year = {2011},
  month = oct,
  eprint = {1110.2488},
  adsnote = {Provided by the SAO/NASA Astrophysics Data System},
  adsurl = {http://adsabs.harvard.edu/abs/2011arXiv1110.2488T},
  archiveprefix = {arXiv},
  journal = {ArXiv e-prints},
  keywords = {Astrophysics - Solar and Stellar Astrophysics, Astrophysics - Earth
	and Planetary Astrophysics},
  primaryclass = {astro-ph.SR}
}

@ARTICLE{Theissen2014,
  author = {{Theissen}, C.~A. and {West}, A.~A.},
  title = {{Warm Dust around Cool Stars: Field M{\nbsp}Dwarfs with WISE 12 or
	22 {$\mu$}m Excess Emission}},
  year = {2014},
  volume = {794},
  eid = {146},
  month = oct,
  pages = {146},
  doi = {10.1088/0004-637X/794/2/146},
  eprint = {1409.0016},
  adsnote = {Provided by the SAO/NASA Astrophysics Data System},
  adsurl = {http://adsabs.harvard.edu/abs/2014ApJ...794..146T},
  archiveprefix = {arXiv},
  journal = {\apj},
  keywords = {circumstellar matter, infrared: stars, planet-disk interactions, stars:
	low-mass },
  owner = {rpatel},
  primaryclass = {astro-ph.SR},
  timestamp = {2014.11.24}
}

@ARTICLE{Thi2001,
  author = {{Thi}, W.~F. and {van Dishoeck}, E.~F. and {Blake}, G.~A. and {van
	Zadelhoff}, G.~J. and {Horn}, J. and {Becklin}, E.~E. and {Mannings},
	V. and {Sargent}, A.~I. and {van den Ancker}, M.~E. and {Natta},
	A. and {Kessler}, J.},
  title = {{H$_{2}$ and CO Emission from Disks around T Tauri and Herbig Ae
	Pre-Main-Sequence Stars and from Debris Disks around Young Stars:
	Warm and Cold Circumstellar Gas}},
  year = {2001},
  volume = {561},
  month = nov,
  pages = {1074-1094},
  doi = {10.1086/323361},
  eprint = {arXiv:astro-ph/0107006},
  adsnote = {Provided by the SAO/NASA Astrophysics Data System},
  adsurl = {http://adsabs.harvard.edu/abs/2001ApJ...561.1074T},
  journal = {\apj},
  keywords = {Stars: Circumstellar Matter, Infrared: Stars, Stars: Planetary Systems:
	Protoplanetary Disks},
  owner = {anakha272},
  timestamp = {2015.01.16}
}

@ARTICLE{Tokunaga2005,
  author = {Tokunaga, A. T. and Vacca, W. D.},
  title = {The Mauna Kea Observatories Near‐Infrared Filter Set. III. Isophotal
	Wavelengths and Absolute Calibration},
  year = {2005},
  language = {English},
  volume = {117},
  number = {830},
  pages = {pp. 421-426},
  issn = {00046280},
  url = {http://www.jstor.org/stable/10.1086/429382},
  abstract = {ABSTRACT The isophotal wavelengths, flux densities, and AB magnitudes
	for Vega (α Lyr) are presented for the Mauna Kea Observatories near‐infrared
	filter set. We show that the near‐infrared absolute calibrations
	for Vega as determined by Cohen et al. and Mégessier are consistent
	within the uncertainties, so that either absolute calibration can
	be used.},
  copyright = {Copyright © 2005 The University of Chicago Press},
  journal = {Publications of the Astronomical Society of the Pacific},
  jstor_articletype = {research-article},
  jstor_formatteddate = {April 2005},
  owner = {rpatel},
  publisher = {The University of Chicago Press on behalf of the Astronomical Society
	of the Pacific},
  timestamp = {2012.06.26}
}

@ARTICLE{Torres2006,
  author = {{Torres}, C.~A.~O. and {Quast}, G.~R. and {da Silva}, L. and {de
	La Reza}, R. and {Melo}, C.~H.~F. and {Sterzik}, M.},
  title = {{Search for associations containing young stars (SACY). I. Sample
	and searching method}},
  year = {2006},
  volume = {460},
  month = dec,
  pages = {695-708},
  doi = {10.1051/0004-6361:20065602},
  eprint = {astro-ph/0609258},
  adsnote = {Provided by the SAO/NASA Astrophysics Data System},
  adsurl = {http://adsabs.harvard.edu/abs/2006A%26A...460..695T},
  journal = {\aap},
  keywords = {stars: pre-main sequence, stars: formation, stars: kinematics, stars:
	rotation, stars: abundances, open clusters and associations: individual:
	{$\beta$} Pictoris}
}

@ARTICLE{Trilling2008,
  author = {{Trilling}, D.~E. and {Bryden}, G. and {Beichman}, C.~A. and {Rieke},
	G.~H. and {Su}, K.~Y.~L. and {Stansberry}, J.~A. and {Blaylock},
	M. and {Stapelfeldt}, K.~R. and {Beeman}, J.~W. and {Haller}, E.~E.},
  title = {{Debris Disks around Sun-like Stars}},
  year = {2008},
  volume = {674},
  month = feb,
  pages = {1086-1105},
  doi = {10.1086/525514},
  eprint = {0710.5498},
  adsnote = {Provided by the SAO/NASA Astrophysics Data System},
  adsurl = {http://adsabs.harvard.edu/abs/2008ApJ...674.1086T},
  archiveprefix = {arXiv},
  journal = {\apj},
  keywords = {Stars: Circumstellar Matter, Infrared: Stars, Stars: Planetary Systems:
	Formation}
}

@ARTICLE{Trilling2007,
  author = {{Trilling}, D.~E. and {Stansberry}, J.~A. and {Stapelfeldt}, K.~R.
	and {Rieke}, G.~H. and {Su}, K.~Y.~L. and {Gray}, R.~O. and {Corbally},
	C.~J. and {Bryden}, G. and {Chen}, C.~H. and {Boden}, A. and {Beichman},
	C.~A. },
  title = {{Debris disks in main-sequence binary systems.}},
  year = {2007},
  volume = {658},
  month = apr,
  pages = {1289},
  doi = {10.1086/511668},
  eprint = {arXiv:astro-ph/0612029},
  adsnote = {Provided by the SAO/NASA Astrophysics Data System},
  adsurl = {http://cdsads.u-strasbg.fr/abs/2007ApJ...658.1289T},
  journal = {\apj},
  keywords = {Stars: Binaries: General, Infrared: Stars, Stars: Planetary Systems:
	Formation},
  owner = {rpatel},
  timestamp = {2012.09.21}
}

@ARTICLE{Urban2012,
  author = {Laurie E. Urban and George Rieke and Kate Su and David E. Trilling},
  title = {The Incidence of Debris Disks at 24 μm and 670 Myr},
  year = {2012},
  volume = {750},
  number = {2},
  pages = {98},
  url = {http://stacks.iop.org/0004-637X/750/i=2/a=98},
  abstract = {We use Spitzer Space Telescope 24 μm data to search for debris disks
	among 122 AFGKM stars from the ~670 Myr clusters Hyades, Coma Ber,
	and Praesepe, utilizing a number of advances in data reduction and
	determining the intrinsic colors of main-sequence stars. For our
	sample, the 1σ dispersion about the main-sequence V - K S , K S
	-[24] locus is approximately 3.1%. We identify seven debris disks
	at 10% or more (≥3σ confidence level) above the expected K S -[24]
	for purely photospheric emission. The incidence of excesses of 10%
	or greater in our sample at this age is 5.7 +3.1 – 1.7 %. Combining
	with results from the literature, the rate is 7.8 +4.2 – 2.1 %
	for early-type (B9-F4) stars and 2.7 +3.3 – 1.7 % for solar-like
	(F5-K9) stars. Our primary sample has strict criteria for inclusion
	to allow comparison with other work; when we relax these criteria,
	three additional debris disks are detected. They are all around stars
	of solar-like type and hence reinforce our conclusion that disks
	around such stars are still relatively common at 670 Myr and are
	similar to the rate around early-type stars. The apparently small
	difference in decay rates between early-type and solar-like stars
	is inconsistent with the first-order theoretical predictions that
	the later type stellar disks would decay an order of magnitude more
	quickly than the earlier type ones.},
  journal = {The Astrophysical Journal},
  owner = {rpatel},
  timestamp = {2012.06.21}
}

@ARTICLE{vanLeeuwen2007,
  author = {{van Leeuwen}, F.},
  title = {{Validation of the new Hipparcos reduction}},
  year = {2007},
  volume = {474},
  month = nov,
  pages = {653-664},
  doi = {10.1051/0004-6361:20078357},
  eprint = {0708.1752},
  adsnote = {Provided by the SAO/NASA Astrophysics Data System},
  adsurl = {http://adsabs.harvard.edu/abs/2007A%26A...474..653V},
  archiveprefix = {arXiv},
  journal = {\aap},
  keywords = {space vehicles: instruments, methods: data analysis, catalogs, astrometry,
	instrumentation: miscellaneous}
}

@ARTICLE{Vican2012,
  author = {Laura Vican},
  title = {Age Determination for 346 Nearby Stars in the Herschel DEBRIS Survey},
  year = {2012},
  volume = {143},
  number = {6},
  pages = {135},
  url = {http://stacks.iop.org/1538-3881/143/i=6/a=135},
  abstract = {DEBRIS is a flux-limited survey of nearby stars (spectral types A-M)
	for evidence of debris disks with the Herschel Space Observatory
	. One goal of the survey is to determine disk incidence as a function
	of various stellar parameters. Understanding debris disk evolution
	depends on knowledge of the precise age of stars around which these
	debris disks are found. However, finding ages for field stars is
	notoriously difficult. Furthermore, in an unbiased sample like DEBRIS,
	one is working with stars across many spectral types. This requires
	a multi-method approach to age determination. In this paper, we outline
	several methods of age determination broken down by spectral type,
	including some strengths and limitations of each method. In total,
	we were able to calculate ages for 263 of 274 F-, G-, and K-type
	stars, and all 83 A-type stars in the DEBRIS sample.},
  journal = {The Astronomical Journal},
  owner = {rpatel},
  timestamp = {2012.05.22}
}

@ARTICLE{Vican2014,
  author = {{Vican}, L. and {Schneider}, A.},
  title = {{The Evolution of Dusty Debris Disks around Solar Type Stars}},
  year = {2014},
  volume = {780},
  eid = {154},
  month = jan,
  pages = {154},
  doi = {10.1088/0004-637X/780/2/154},
  eprint = {1311.6055},
  adsnote = {Provided by the SAO/NASA Astrophysics Data System},
  adsurl = {http://adsabs.harvard.edu/abs/2014ApJ...780..154V},
  archiveprefix = {arXiv},
  journal = {\apj},
  keywords = {circumstellar matter, stars: chromospheres },
  primaryclass = {astro-ph.SR}
}

@ARTICLE{Vitense2012,
  author = {{Vitense}, C. and {Krivov}, A.~V. and {Kobayashi}, H. and {L{\"o}hne},
	T. },
  title = {{An improved model of the Edgeworth-Kuiper debris disk}},
  year = {2012},
  volume = {540},
  eid = {A30},
  month = apr,
  pages = {A30},
  doi = {10.1051/0004-6361/201118551},
  eprint = {1202.2257},
  adsnote = {Provided by the SAO/NASA Astrophysics Data System},
  adsurl = {http://adsabs.harvard.edu/abs/2012A%26A...540A..30V},
  archiveprefix = {arXiv},
  journal = {\aap},
  keywords = {methods: numerical, infrared: planetary systems, Kuiper belt: general,
	planet-disk interactions, interplanetary medium},
  owner = {rpatel},
  primaryclass = {astro-ph.EP},
  timestamp = {2013.10.18}
}

@ARTICLE{Waelkens1996,
  author = {{Waelkens}, C. and {Waters}, L.~B.~F.~M. and {de Graauw}, M.~S. and
	{Huygen}, E. and {Malfait}, K. and {Plets}, H. and {Vandenbussche},
	B. and {Beintema}, D.~A. and {Boxhoorn}, D.~R. and {Habing}, H.~J.
	and {Heras}, A.~M. and {Kester}, D.~J.~M. and {Lahuis}, F. and {Morris},
	P.~W. and {Roelfsema}, P.~R. and {Salama}, A. and {Siebenmorgen},
	R. and {Trams}, N.~R. and {van der Bliek}, N.~R. and {Valentijn},
	E.~A. and {Wesselius}, P.~R.},
  title = {{SWS observations of young main-sequence stars with dusty circumstellar
	disks.}},
  year = {1996},
  volume = {315},
  month = nov,
  pages = {L245-L248},
  adsnote = {Provided by the SAO/NASA Astrophysics Data System},
  adsurl = {http://adsabs.harvard.edu/abs/1996A%26A...315L.245W},
  journal = {\aap},
  keywords = {CIRCUMSTELLAR MATTER, STARS: INDIVIDUAL: HD 100546, STARS: INDIVIDUAL:
	HD 142527, STARS: INDIVIDUAL: 51 OPH, ISM: ABUNDANCES, INFRARED:
	ISM: LINES AND BANDS}
}

@ARTICLE{Welsh2013,
  author = {{Welsh}, W.~F. and {Orosz}, J.~A. and {Carter}, J.~A. and {Fabrycky},
	D.~C. },
  title = {{Recent Kepler Results On Circumbinary Planets}},
  year = {2013},
  month = aug,
  eprint = {1308.6328},
  adsnote = {Provided by the SAO/NASA Astrophysics Data System},
  adsurl = {http://adsabs.harvard.edu/abs/2013arXiv1308.6328W},
  archiveprefix = {arXiv},
  journal = {ArXiv e-prints},
  keywords = {Astrophysics - Earth and Planetary Astrophysics},
  owner = {rpatel},
  primaryclass = {astro-ph.EP},
  timestamp = {2013.10.23}
}

@ARTICLE{Werner2004,
  author = {{Werner}, M.~W. and {Roellig}, T.~L. and {Low}, F.~J. and {Rieke},
	G.~H. and {Rieke}, M. and {Hoffmann}, W.~F. and {Young}, E. and {Houck},
	J.~R. and {Brandl}, B. and {Fazio}, G.~G. and {Hora}, J.~L. and {Gehrz},
	R.~D. and {Helou}, G. and {Soifer}, B.~T. and {Stauffer}, J. and
	{Keene}, J. and {Eisenhardt}, P. and {Gallagher}, D. and {Gautier},
	T.~N. and {Irace}, W. and {Lawrence}, C.~R. and {Simmons}, L. and
	{Van Cleve}, J.~E. and {Jura}, M. and {Wright}, E.~L. and {Cruikshank},
	D.~P.},
  title = {{The Spitzer Space Telescope Mission}},
  year = {2004},
  volume = {154},
  month = sep,
  pages = {1-9},
  doi = {10.1086/422992},
  eprint = {arXiv:astro-ph/0406223},
  adsnote = {Provided by the SAO/NASA Astrophysics Data System},
  adsurl = {http://adsabs.harvard.edu/abs/2004ApJS..154....1W},
  journal = {\apjs},
  keywords = {Space Vehicles: Instruments, Telescopes},
  owner = {rpatel},
  timestamp = {2012.11.06}
}

@ARTICLE{Williams2006,
  author = {{Williams}, J.~P. and {Andrews}, S.~M.},
  title = {{The Dust Properties of Eight Debris Disk Candidates as Determined
	by Submillimeter Photometry}},
  year = {2006},
  volume = {653},
  month = dec,
  pages = {1480-1485},
  doi = {10.1086/508919},
  eprint = {arXiv:astro-ph/0609122},
  adsnote = {Provided by the SAO/NASA Astrophysics Data System},
  adsurl = {http://adsabs.harvard.edu/abs/2006ApJ...653.1480W},
  journal = {\apj},
  keywords = {Stars: Circumstellar Matter, Stars: Planetary Systems: Formation,
	Stars: Planetary Systems: Protoplanetary Disks, Submillimeter}
}

@ARTICLE{Wright2003,
  author = {{Wright}, C.~O. and {Egan}, M.~P. and {Kraemer}, K.~E. and {Price},
	S.~D. },
  title = {{The Tycho-2 Spectral Type Catalog}},
  year = {2003},
  volume = {125},
  month = jan,
  pages = {359-363},
  doi = {10.1086/345511},
  adsnote = {Provided by the SAO/NASA Astrophysics Data System},
  adsurl = {http://adsabs.harvard.edu/abs/2003AJ....125..359W},
  journal = {\aj},
  keywords = {Catalogs, Stars: Fundamental Parameters}
}

@ARTICLE{Wright2010,
  author = {{Wright}, E.~L. and {Eisenhardt}, P.~R.~M. and {Mainzer}, A.~K. and
	{Ressler}, M.~E. and {Cutri}, R.~M. and {Jarrett}, T. and {Kirkpatrick},
	J.~D. and {Padgett}, D. and {McMillan}, R.~S. and {Skrutskie}, M.
	and {Stanford}, S.~A. and {Cohen}, M. and {Walker}, R.~G. and {Mather},
	J.~C. and {Leisawitz}, D. and {Gautier}, III, T.~N. and {McLean},
	I. and {Benford}, D. and {Lonsdale}, C.~J. and {Blain}, A. and {Mendez},
	B. and {Irace}, W.~R. and {Duval}, V. and {Liu}, F. and {Royer},
	D. and {Heinrichsen}, I. and {Howard}, J. and {Shannon}, M. and {Kendall},
	M. and {Walsh}, A.~L. and {Larsen}, M. and {Cardon}, J.~G. and {Schick},
	S. and {Schwalm}, M. and {Abid}, M. and {Fabinsky}, B. and {Naes},
	L. and {Tsai}, C.-W.},
  title = {{The Wide-field Infrared Survey Explorer (WISE): Mission Description
	and Initial On-orbit Performance}},
  year = {2010},
  volume = {140},
  eid = {1868},
  month = dec,
  pages = {1868-1881},
  doi = {10.1088/0004-6256/140/6/1868},
  eprint = {1008.0031},
  adsnote = {Provided by the SAO/NASA Astrophysics Data System},
  adsurl = {http://adsabs.harvard.edu/abs/2010AJ....140.1868W},
  archiveprefix = {arXiv},
  journal = {\aj},
  keywords = {infrared: general, space vehicles, surveys},
  owner = {Ellesar272},
  primaryclass = {astro-ph.IM},
  timestamp = {2012.01.19}
}

@ARTICLE{Wright2004,
  author = {{Wright}, J.~T. and {Marcy}, G.~W. and {Butler}, R.~P. and {Vogt},
	S.~S. },
  title = {{Chromospheric Ca II Emission in Nearby F, G, K, and M Stars}},
  year = {2004},
  volume = {152},
  month = jun,
  pages = {261-295},
  doi = {10.1086/386283},
  eprint = {arXiv:astro-ph/0402582},
  adsnote = {Provided by the SAO/NASA Astrophysics Data System},
  adsurl = {http://cdsads.u-strasbg.fr/abs/2004ApJS..152..261W},
  journal = {\apjs},
  keywords = {Stars: Activity, Stars: Chromospheres, Stars: Rotation}
}

@ARTICLE{Wu2013,
  author = {{Wu}, C.-J. and {Wu}, H. and {Lam}, M.-I. and {Yang}, M. and {Wen},
	X.-Q. and {Li}, S. and {Zhang}, T.-J. and {Gao}, L.},
  title = {{Bright 22 {$\mu$}m Excess Candidates from the Wise All-sky Catalog
	and the Hipparcos Main Catalog}},
  year = {2013},
  volume = {208},
  eid = {29},
  month = oct,
  pages = {29},
  doi = {10.1088/0067-0049/208/2/29},
  eprint = {1308.3848},
  adsnote = {Provided by the SAO/NASA Astrophysics Data System},
  adsurl = {http://adsabs.harvard.edu/abs/2013ApJS..208...29W},
  archiveprefix = {arXiv},
  journal = {\apjs},
  keywords = {infrared: stars, planetary systems, protoplanetary disks, stars: formation
	},
  owner = {rpatel},
  primaryclass = {astro-ph.SR},
  timestamp = {2013.10.07}
}

@ARTICLE{Wyatt2008,
  author = {{Wyatt}, M.~C.},
  title = {{Evolution of Debris Disks}},
  year = {2008},
  volume = {46},
  month = sep,
  pages = {339-383},
  doi = {10.1146/annurev.astro.45.051806.110525},
  adsnote = {Provided by the SAO/NASA Astrophysics Data System},
  adsurl = {http://adsabs.harvard.edu/abs/2008ARA%26A..46..339W},
  journal = {\araa}
}

@ARTICLE{Wyatt2006,
  author = {{Wyatt}, M.~C.},
  title = {{Dust in Resonant Extrasolar Kuiper Belts: Grain Size and Wavelength
	Dependence of Disk Structure}},
  year = {2006},
  volume = {639},
  month = mar,
  pages = {1153-1165},
  doi = {10.1086/499487},
  eprint = {astro-ph/0511219},
  adsnote = {Provided by the Smithsonian/NASA Astrophysics Data System},
  adsurl = {http://adsabs.harvard.edu/cgi-bin/nph-bib_query?bibcode=2006ApJ...639.1153W&db_key=AST},
  journal = {\apj}
}

@ARTICLE{Wyatt2007,
  author = {{Wyatt}, M.~C. and {Smith}, R. and {Su}, K.~Y.~L. and {Rieke}, G.~H.
	and {Greaves}, J.~S. and {Beichman}, C.~A. and {Bryden}, G.},
  title = {{Steady State Evolution of Debris Disks around A Stars}},
  year = {2007},
  volume = {663},
  month = jul,
  pages = {365-382},
  doi = {10.1086/518404},
  eprint = {arXiv:astro-ph/0703608},
  adsnote = {Provided by the SAO/NASA Astrophysics Data System},
  adsurl = {http://adsabs.harvard.edu/abs/2007ApJ...663..365W},
  journal = {\apj},
  keywords = {Stars: Circumstellar Matter, Stars: Planetary Systems: Formation}
}

@ARTICLE{Zuckerman2001,
  author = {{Zuckerman}, B.},
  title = {{Dusty Circumstellar Disks}},
  year = {2001},
  volume = {39},
  pages = {549-580},
  doi = {10.1146/annurev.astro.39.1.549},
  adsnote = {Provided by the SAO/NASA Astrophysics Data System},
  adsurl = {http://adsabs.harvard.edu/abs/2001ARA%26A..39..549Z},
  journal = {\araa},
  keywords = {STELLAR EVOLUTION, PRE-MAIN SEQUENCE, MAIN SEQUENCE, RED GIANTS, WHITE
	DWARFS},
  owner = {rpatel},
  timestamp = {2014.12.04}
}

@ARTICLE{Zuckerman2011,
  author = {{Zuckerman}, B. and {Rhee}, J.~H. and {Song}, I. and {Bessell}, M.~S.},
  title = {{The Tucana/Horologium, Columba, AB Doradus, and Argus Associations:
	New Members and Dusty Debris Disks}},
  year = {2011},
  volume = {732},
  month = may,
  pages = {61-+},
  doi = {10.1088/0004-637X/732/2/61},
  eprint = {1104.0284},
  adsnote = {Provided by the SAO/NASA Astrophysics Data System},
  adsurl = {http://adsabs.harvard.edu/abs/2011ApJ...732...61Z},
  archiveprefix = {arXiv},
  journal = {\apj},
  keywords = {circumstellar matter, stars: evolution, stars: kinematics and dynamics,
	stars: pre-main sequence},
  primaryclass = {astro-ph.SR}
}

@ARTICLE{Zuckerman2009,
  author = {{Zuckerman}, B. and {Song}, I.},
  title = {{The minimum Jeans mass, brown dwarf companion IMF, and predictions
	for detection of Y-type dwarfs}},
  year = {2009},
  volume = {493},
  month = jan,
  pages = {1149-1154},
  doi = {10.1051/0004-6361:200810038},
  eprint = {0811.0429},
  adsnote = {Provided by the SAO/NASA Astrophysics Data System},
  adsurl = {http://adsabs.harvard.edu/abs/2009A%26A...493.1149Z},
  archiveprefix = {arXiv},
  journal = {\aap},
  keywords = {stars: planetary systems, stars: low-mass, brown dwarfs},
  owner = {Ellesar272},
  timestamp = {2011.07.05}
}

@ARTICLE{Zuckerman2004,
  author = {{Zuckerman}, B. and {Song}, I.},
  title = {{Dusty Debris Disks as Signposts of Planets: Implications for Spitzer
	Space Telescope}},
  year = {2004},
  volume = {603},
  month = mar,
  pages = {738-743},
  doi = {10.1086/381700},
  eprint = {arXiv:astro-ph/0311546},
  adsnote = {Provided by the SAO/NASA Astrophysics Data System},
  adsurl = {http://adsabs.harvard.edu/abs/2004ApJ...603..738Z},
  journal = {\apj},
  keywords = {Astrobiology, Infrared: Stars, Stars: Planetary Systems: Protoplanetary
	Disks},
  owner = {rpatel},
  timestamp = {2011.09.13}
}

@ARTICLE{ZuckermanAges2001,
  author = {{Zuckerman}, B. and {Song}, I. and {Webb}, R.~A.},
  title = {{Tucana Association}},
  year = {2001},
  volume = {559},
  month = sep,
  pages = {388-394},
  doi = {10.1086/322305},
  adsnote = {Provided by the SAO/NASA Astrophysics Data System},
  adsurl = {http://adsabs.harvard.edu/abs/2001ApJ...559..388Z},
  journal = {\apj},
  keywords = {Galaxy: Open Clusters and Associations: Individual: Name: Tucana,
	open clusters and associations: individual (Horologium association),
	Stars: Kinematics, Stars: Pre-Main-Sequence},
  owner = {rpatel},
  timestamp = {2011.09.13}
}

@comment{jabref-meta: selector_publisher:}

@comment{jabref-meta: selector_author:}

@comment{jabref-meta: selector_journal:}

@comment{jabref-meta: selector_keywords:}

